@book{bishop2006pattern,
  title={Pattern recognition and machine learning},
  author={Bishop, Christopher M},
  year={2006},
  publisher={springer}
}

@misc{mitchell1997machine,
  title={Machine learning. WCB},
  author={Mitchell, Tom M and others},
  year={1997},
  publisher={McGraw-Hill Boston, MA:}
}

@article{russell2003norvig,
  title={Norvig (2003)},
  author={Russell, SJ},
  journal={Artificial intelligence: a modern approach},
  pages={25--26},
  year={2003}
}

@book{sutton1998reinforcement,
  title={Reinforcement learning: An introduction},
  author={Sutton, Richard S and Barto, Andrew G},
  volume={1},
  number={1},
  year={1998},
  publisher={MIT press Cambridge}
}

@misc{kotsiantis2007supervised,
  title={Supervised machine learning: A review of classification techniques},
  author={Kotsiantis, Sotiris B and Zaharakis, I and Pintelas, P},
  year={2007}
}

@article{natschlager2002liquid,
  title={The" liquid computer": A novel strategy for real-time computing on time series},
  author={Natschl{\"a}ger, Thomas and Maass, Wolfgang and Markram, Henry},
  journal={Special issue on Foundations of Information Processing of TELEMATIK},
  volume={8},
  number={LNMC-ARTICLE-2002-005},
  pages={39--43},
  year={2002}
}

@article{murthy1998automatic,
  title={Automatic construction of decision trees from data: A multi-disciplinary survey},
  author={Murthy, Sreerama K},
  journal={Data mining and knowledge discovery},
  volume={2},
  number={4},
  pages={345--389},
  year={1998},
  publisher={Kluwer academic publishers}
}

@article{quinlan1986induction,
  title={Induction of decision trees},
  author={Quinlan, J. Ross},
  journal={Machine learning},
  volume={1},
  number={1},
  pages={81--106},
  year={1986},
  publisher={Springer}
}

@book{quinlan2014c4,
  title={C4. 5: programs for machine learning},
  author={Quinlan, J. Ross},
  year={2014},
  publisher={Elsevier}
}

@article{fisher1936use,
  title={The use of multiple measurements in taxonomic problems},
  author={Fisher, Ronald A},
  journal={Annals of human genetics},
  volume={7},
  number={2},
  pages={179--188},
  year={1936},
  publisher={Wiley Online Library}
}

@inproceedings{cohen1995fast,
  title={Fast effective rule induction},
  author={Cohen, William W},
  booktitle={Proceedings of the twelfth international conference on machine learning},
  pages={115--123},
  year={1995}
}

@article{michalski1980learning,
  title={Learning by Being Told and Learning by Examples: An Experimental Comparison of the Two Methods of Knowledge Acquisition in the Context of Developing an Expert System for Soybean Disease Analysis.},
  author={Michalski, Ryszard S},
  journal={Int. J. of Policy Analysis and Information Systems},
  volume={4},
  number={2},
  year={1980}
}

@article{clark1989cn2,
  title={The CN2 induction algorithm},
  author={Clark, Peter and Niblett, Tim},
  journal={Machine learning},
  volume={3},
  number={4},
  pages={261--283},
  year={1989},
  publisher={Springer}
}

@article{rosenblatt1958perceptron,
  title={The perceptron: A probabilistic model for information storage and organization in the brain.},
  author={Rosenblatt, Frank},
  journal={Psychological review},
  volume={65},
  number={6},
  pages={386},
  year={1958},
  publisher={American Psychological Association}
}

@article{widrow199030,
  title={30 years of adaptive neural networks: perceptron, madaline, and backpropagation},
  author={Widrow, Bernard and Lehr, Michael A},
  journal={Proceedings of the IEEE},
  volume={78},
  number={9},
  pages={1415--1442},
  year={1990},
  publisher={IEEE}
}

@article{littlestone1994weighted,
  title={The weighted majority algorithm},
  author={Littlestone, Nick and Warmuth, Manfred K},
  journal={Information and computation},
  volume={108},
  number={2},
  pages={212--261},
  year={1994},
  publisher={Elsevier}
}

@article{freund1999large,
  title={Large margin classification using the perceptron algorithm},
  author={Freund, Yoav and Schapire, Robert E},
  journal={Machine learning},
  volume={37},
  number={3},
  pages={277--296},
  year={1999},
  publisher={Springer}
}

@article{minsky1969perceptrons,
  title={Perceptrons.},
  author={Minsky, Marvin and Papert, Seymour},
  year={1969},
  publisher={MIT press}
}

@inproceedings{siddique2001training,
  title={Training neural networks: backpropagation vs. genetic algorithms},
  author={Siddique, MNH and Tokhi, MO},
  booktitle={Neural Networks, 2001. Proceedings. IJCNN'01. International Joint Conference on},
  volume={4},
  pages={2673--2678},
  year={2001},
  organization={IEEE}
}

@inproceedings{yen2000hierarchical,
  title={Hierarchical genetic algorithm based neural network design},
  author={Yen, Gary G and Lu, Haiming},
  booktitle={Combinations of Evolutionary Computation and Neural Networks, 2000 IEEE Symposium on},
  pages={168--175},
  year={2000},
  organization={IEEE}
}

@article{vivarelli2001comparing,
  title={Comparing Bayesian neural network algorithms for classifying segmented outdoor images},
  author={Vivarelli, Francesco and Williams, Christopher KI},
  journal={Neural Networks},
  volume={14},
  number={4},
  pages={427--437},
  year={2001},
  publisher={Elsevier}
}

@article{cortes1995support,
  title={Support-vector networks},
  author={Cortes, Corinna and Vapnik, Vladimir},
  journal={Machine learning},
  volume={20},
  number={3},
  pages={273--297},
  year={1995},
  publisher={Springer}
}

@inproceedings{veropoulos1999controlling,
  title={Controlling the sensitivity of support vector machines},
  author={Veropoulos, Konstantinos and Campbell, Colin and Cristianini, Nello and others},
  booktitle={Proceedings of the international joint conference on AI},
  pages={55--60},
  year={1999}
}

@inproceedings{horvath2003cmac,
  title={CMAC neural network as an SVM with B-Spline kernel functions},
  author={Horvath, Gabor},
  booktitle={Instrumentation and Measurement Technology Conference, 2003. IMTC'03. Proceedings of the 20th IEEE},
  volume={2},
  pages={1108--1113},
  year={2003},
  organization={IEEE}
}

@article{cawley2010over,
  title={On over-fitting in model selection and subsequent selection bias in performance evaluation},
  author={Cawley, Gavin C and Talbot, Nicola LC},
  journal={Journal of Machine Learning Research},
  volume={11},
  number={Jul},
  pages={2079--2107},
  year={2010}
}

@article{Figueredo:2009dg,
   author = {Figueredo, A.~J. and Wolf, P. S.~A.},
   title = {Assortative pairing and life history strategy - a cross-cultural study.},
   journal = {Human Nature},
   volume = {20},
   pages = {317-330},
   year = {2009}
}

@article{mcculloch1943logical,
  title={A logical calculus of the ideas immanent in nervous activity},
  author={McCulloch, Warren S and Pitts, Walter},
  journal={The bulletin of mathematical biophysics},
  volume={5},
  number={4},
  pages={115--133},
  year={1943},
  publisher={Springer}
}

@article{lecun2015deep,
  title={Deep learning},
  author={LeCun, Yann and Bengio, Yoshua and Hinton, Geoffrey},
  journal={Nature},
  volume={521},
  number={7553},
  pages={436--444},
  year={2015},
  publisher={Nature Publishing Group}
}

@article{hornik1989multilayer,
  title={Multilayer feedforward networks are universal approximators},
  author={Hornik, Kurt and Stinchcombe, Maxwell and White, Halbert},
  journal={Neural networks},
  volume={2},
  number={5},
  pages={359--366},
  year={1989},
  publisher={Elsevier}
}

@article{rumelhart1988learning,
  title={Learning representations by back-propagating errors},
  author={Rumelhart, David E and Hinton, Geoffrey E and Williams, Ronald J},
  journal={Cognitive modeling},
  volume={5},
  number={3},
  pages={1},
  year={1988}
}

@book{maass2001pulsed,
  title={Pulsed neural networks},
  author={Maass, Wolfgang and Bishop, Christopher M},
  year={2001},
  publisher={MIT press}
}

@inproceedings{kasabov2012neucube,
  title={{NeuCube} evospike architecture for spatio-temporal modelling and pattern recognition of brain signals},
  author={Kasabov, Nikola},
  booktitle={IAPR Workshop on Artificial Neural Networks in Pattern Recognition},
  pages={225--243},
  year={2012},
  organization={Springer}
}

@article{mainen1995reliability,
  title={Reliability of spike timing in neocortical neurons},
  author={Mainen, Zachary F and Sejnowski, Terrence J},
  journal={Science},
  volume={268},
  number={5216},
  pages={1503--1506},
  year={1995},
  publisher={American Association for the Advancement of Science}
}

@article{maunsell1992visual,
  title={Visual response latencies in striate cortex of the macaque monkey},
  author={Maunsell, John H and Gibson, Jay R},
  journal={Journal of neurophysiology},
  volume={68},
  number={4},
  pages={1332--1344},
  year={1992},
  publisher={Am Physiological Soc}
}

@article{gollisch2008rapid,
  title={Rapid neural coding in the retina with relative spike latencies},
  author={Gollisch, Tim and Meister, Markus},
  journal={science},
  volume={319},
  number={5866},
  pages={1108--1111},
  year={2008},
  publisher={American Association for the Advancement of Science}
}

@article{hallock2006temporal,
  title={Temporal coding in the gustatory system},
  author={Hallock, Robert M and Di Lorenzo, Patricia M},
  journal={Neuroscience \& Biobehavioral Reviews},
  volume={30},
  number={8},
  pages={1145--1160},
  year={2006},
  publisher={Elsevier}
}

@article{de1994artificial,
  title={An artificial brain {ATR's} {CAM-Brain} Project aims to build/evolve an artificial brain with a million neural net modules inside a trillion cell Cellular Automata Machine},
  author={De Garis, Hugo},
  journal={New Generation Computing},
  volume={12},
  number={2},
  pages={215--221},
  year={1994},
  publisher={Springer}
}

@inproceedings{hafiz2012encoding,
  title={Encoding of facial images into illumination-invariant spike trains},
  author={Hafiz, Fadhlan and Shafie, Amir Akramin},
  booktitle={Computer and Communication Engineering (ICCCE), 2012 International Conference on},
  pages={132--137},
  year={2012},
  organization={IEEE}
}

@inproceedings{iakymchuk2014hardware,
  title={Hardware-accelerated spike train generation for neuromorphic image and video processing},
  author={Iakymchuk, T and Rosado-Munoz, A and Bataller-Mompean, M and Guerrero-Martinez, JF and Frances-Villora, JV and Wegrzyn, M and Adamski, Mariusz},
  booktitle={Programmable Logic (SPL), 2014 IX Southern Conference on},
  pages={1--6},
  year={2014},
  organization={IEEE}
}

@inproceedings{hough1999spiker,
  title={{SPIKER}: Analog waveform to digital spiketrain conversion in ATR’s artificial brain (cam-brain) project},
  author={Hough, Michael and De Garis, Hugo and Korkin, Michael and Gers, Felix and Nawa, Norberto Eiji},
  booktitle={International Conference on Robotics and Artificial Life},
  year={1999},
  organization={Citeseer}
}

@inproceedings{schrauwen2003bsa,
  title={BSA, a fast and accurate spike train encoding scheme},
  author={Schrauwen, Benjamin and Van Campenhout, Jan},
  booktitle={Proceedings of the international joint conference on neural networks},
  volume={4},
  pages={2825--2830},
  year={2003},
  organization={IEEE Piscataway, NJ}
}

@inproceedings{de1999evolving,
  title={Evolving an optimal de/convolution function for the neural net modules of ATR's artificial brain project},
  author={De Garis, Hugo and Nawa, Norberto Eiji and Hough, Michael and Korkin, Michael},
  booktitle={Neural Networks, 1999. IJCNN'99. International Joint Conference on},
  volume={1},
  pages={438--443},
  year={1999},
  organization={IEEE}
}

@inproceedings{mitchell2003classifying,
  title={Classifying instantaneous cognitive states from fMRI data},
  author={Mitchell, Tom M and Hutchinson, Rebecca and Just, Marcel Adam and Niculescu, Radu S and Pereira, Francisco and Wang, Xuerui},
  booktitle={American medical informatics association annual symposium},
  year={2003}
}

@article{mitchell2008predicting,
  title={Predicting human brain activity associated with the meanings of nouns},
  author={Mitchell, Tom M and Shinkareva, Svetlana V and Carlson, Andrew and Chang, Kai-Min and Malave, Vicente L and Mason, Robert A and Just, Marcel Adam},
  journal={science},
  volume={320},
  number={5880},
  pages={1191--1195},
  year={2008},
  publisher={American Association for the Advancement of Science}
}

@article{shinkareva2008using,
  title={Using fMRI brain activation to identify cognitive states associated with perception of tools and dwellings},
  author={Shinkareva, Svetlana V and Mason, Robert A and Malave, Vicente L and Wang, Wei and Mitchell, Tom M and Just, Marcel Adam},
  journal={PLoS One},
  volume={3},
  number={1},
  pages={e1394},
  year={2008},
  publisher={Public Library of Science}
}

@article{haxby2001distributed,
  title={Distributed and overlapping representations of faces and objects in ventral temporal cortex},
  author={Haxby, James V and Gobbini, M Ida and Furey, Maura L and Ishai, Alumit and Schouten, Jennifer L and Pietrini, Pietro},
  journal={Science},
  volume={293},
  number={5539},
  pages={2425--2430},
  year={2001},
  publisher={American Association for the Advancement of Science}
}

@article{chu2011kernel,
  title={Kernel regression for fMRI pattern prediction},
  author={Chu, Carlton and Ni, Yizhao and Tan, Geoffrey and Saunders, Craig J and Ashburner, John},
  journal={NeuroImage},
  volume={56},
  number={2},
  pages={662--673},
  year={2011},
  publisher={Elsevier}
}


@article{boynton1996linear,
  title={Linear systems analysis of functional magnetic resonance imaging in human V1},
  author={Boynton, Geoffrey M and Engel, Stephen A and Glover, Gary H and Heeger, David J},
  journal={The journal of neuroscience},
  volume={16},
  number={13},
  pages={4207--4221},
  year={1996},
  publisher={Soc Neuroscience}
}

@article{glover1999deconvolution,
  title={Deconvolution of impulse response in event-related bold fmri 1},
  author={Glover, Gary H},
  journal={Neuroimage},
  volume={9},
  number={4},
  pages={416--429},
  year={1999},
  publisher={Elsevier}
}

@article{friston1998nonlinear,
  title={Nonlinear event-related responses in fMRI},
  author={Friston, Karl J and Josephs, Oliver and Rees, Geraint and Turner, Robert},
  journal={Magnetic resonance in medicine},
  volume={39},
  number={1},
  pages={41--52},
  year={1998},
  publisher={Wiley Online Library}
}

@article{victor1997metric,
  title={Metric-space analysis of spike trains: theory, algorithms and application},
  author={Victor, Jonathan D and Purpura, Keith P},
  journal={Network: computation in neural systems},
  volume={8},
  number={2},
  pages={127--164},
  year={1997},
  publisher={Taylor \& Francis}
}

@article{shannon2001mathematical,
  title={A mathematical theory of communication},
  author={Shannon, Claude Elwood},
  journal={Bell System Technical Journal},
  volume={27},
  number={3},
  pages={379--423},
  year={1948},
  publisher={ Alcatel-Lucent}
}

@misc{mitchell2001starplus,
  title={StarPlus fMRI data},
  author={Mitchell, Tom M and Wang, W},
  year={2001}
}

@incollection{do2014robust,
  title={A Robust Feature Selection Method for Classification of Cognitive States with fMRI Data},
  author={Do, Luu-Ngoc and Yang, Hyung-Jeong},
  booktitle={Advances in Computer Science and its Applications},
  pages={71--76},
  year={2014},
  publisher={Springer}
}

@article{deb2000efficient,
  title={An efficient constraint handling method for genetic algorithms},
  author={Deb, Kalyanmoy},
  journal={Computer methods in applied mechanics and engineering},
  volume={186},
  number={2},
  pages={311--338},
  year={2000},
  publisher={Elsevier}
}

@article{deep2009real,
  title={A real coded genetic algorithm for solving integer and mixed integer optimization problems},
  author={Deep, Kusum and Singh, Krishna Pratap and Kansal, Mitthan Lal and Mohan, C},
  journal={Applied Mathematics and Computation},
  volume={212},
  number={2},
  pages={505--518},
  year={2009},
  publisher={Elsevier}
}

@article{just2004imagery,
  title={Imagery in sentence comprehension: an fMRI study},
  author={Just, Marcel Adam and Newman, Sharlene D and Keller, Timothy A and McEleney, Alice and Carpenter, Patricia A},
  journal={Neuroimage},
  volume={21},
  number={1},
  pages={112--124},
  year={2004},
  publisher={Elsevier}
}

@article{brown2004multiple,
  title={Multiple neural spike train data analysis: state-of-the-art and future challenges},
  author={Brown, Emery N and Kass, Robert E and Mitra, Partha P},
  journal={Nature neuroscience},
  volume={7},
  number={5},
  pages={456--461},
  year={2004},
  publisher={Nature Publishing Group}
}

@article{borst1999information,
  title={Information theory and neural coding},
  author={Borst, Alexander and Theunissen, Fr{\'e}d{\'e}ric E},
  journal={Nature neuroscience},
  volume={2},
  number={11},
  pages={947--957},
  year={1999},
  publisher={Nature Publishing Group}
}

@inproceedings{nuntalid2011eeg,
  title={EEG classification with BSA spike encoding algorithm and evolving probabilistic spiking neural network},
  author={Nuntalid, Nuttapod and Dhoble, Kshitij and Kasabov, Nikola},
  booktitle={International Conference on Neural Information Processing},
  pages={451--460},
  year={2011},
  organization={Springer}
}

@book{ashby2011statistical,
  title={Statistical analysis of fMRI data},
  author={Ashby, F Gregory},
  year={2011},
  publisher={MIT press}
}

@inbook{nunezm2016eeg,
	title     = {Handbook of Neuroimaging Data Analysis},
    author    = {Nunez, Michael D and Nunez, Paul L and Srinivasan, Ramesh},
    chapter   = {Electroencephalography (EEG): neurophysics, experimental methods, and signal processing},
    publisher = {Chapman \& Hall/CRC},
    year      = {2016}
}

@article{dorigo1996ant,
  title={Ant system: optimization by a colony of cooperating agents},
  author={Dorigo, Marco and Maniezzo, Vittorio and Colorni, Alberto},
  journal={Systems, Man, and Cybernetics, Part B: Cybernetics, IEEE Transactions on},
  volume={26},
  number={1},
  pages={29--41},
  year={1996},
  publisher={IEEE}
}

@inproceedings{babu2003differential,
  title={Differential evolution for multi-objective optimization},
  author={Babu, BV and Jehan, M},
  booktitle={Evolutionary Computation, 2003. CEC'03. The 2003 Congress on},
  volume={4},
  pages={2696--2703},
  year={2003},
  organization={IEEE}
}

@article{yiqing2007improved,
  title={An improved PSO algorithm for solving non-convex NLP/MINLP problems with equality constraints},
  author={Yiqing, Luo and Xigang, Yuan and Yongjian, Liu},
  journal={Computers \& chemical engineering},
  volume={31},
  number={3},
  pages={153--162},
  year={2007},
  publisher={Elsevier}
}

@article{kolmogorov1965three,
  title={Three approaches to the quantitative definition ofinformation'},
  author={Kolmogorov, Andrei N},
  journal={Problems of information transmission},
  volume={1},
  number={1},
  pages={1--7},
  year={1965}
}

@article{chaitin1966length,
  title={On the length of programs for computing finite binary sequences},
  author={Chaitin, Gregory J},
  journal={Journal of the ACM (JACM)},
  volume={13},
  number={4},
  pages={547--569},
  year={1966},
  publisher={ACM}
}

@article{sierra2008acoustic,
  title={Acoustic fMRI noise: linear time-invariant system model},
  author={Sierra, Carlos V Rizzo and Versluis, Maarten J and Hoogduin, Johannes M and Duifhuis, Hendrikus},
  journal={IEEE Transactions on Biomedical Engineering},
  volume={55},
  number={9},
  pages={2115--2123},
  year={2008},
  publisher={IEEE}
}

@article{cho1997analysis,
  title={Analysis of acoustic noise in MRI},
  author={Cho, ZH and Park, SH and Kim, JH and Chung, SC and Chung, ST and Chung, JY and Moon, CW and Yi, JH and Sin, CH and Wong, EK},
  journal={Magnetic resonance imaging},
  volume={15},
  number={7},
  pages={815--822},
  year={1997},
  publisher={Elsevier}
}

@article{maass1997networks,
  title={Networks of spiking neurons: the third generation of neural network models},
  author={Maass, Wolfgang},
  journal={Neural networks},
  volume={10},
  number={9},
  pages={1659--1671},
  year={1997},
  publisher={Elsevier}
}

@article{grunwald2004shannon,
  title={Shannon information and Kolmogorov complexity},
  author={Grunwald, Peter and Vit{\'a}nyi, Paul},
  journal={arXiv preprint cs/0410002},
  year={2004}
}

@article{data2015four,
  title={The Four V’s of Big Data},
  author={Data, IBM Big and Hub, Analytics},
  journal={IBM. Available online at www. ibmbigdatahub. com/infographic/four-vs-bigdata (last accessed February 29, 2016)},
  year={2015}
}

@article{sui2012review,
  title={A review of multivariate methods for multimodal fusion of brain imaging data},
  author={Sui, Jing and Adali, T{\"u}lay and Yu, Qingbao and Chen, Jiayu and Calhoun, Vince D},
  journal={Journal of neuroscience methods},
  volume={204},
  number={1},
  pages={68--81},
  year={2012},
  publisher={Elsevier}
}

@article{valdes2009model,
  title={Model driven {EEG/fMRI} fusion of brain oscillations},
  author={Valdes-Sosa, Pedro A and Sanchez-Bornot, Jose Miguel and Sotero, Roberto Carlos and Iturria-Medina, Yasser and Aleman-Gomez, Yasser and Bosch-Bayard, Jorge and Carbonell, Felix and Ozaki, Tohru},
  journal={Human brain mapping},
  volume={30},
  number={9},
  pages={2701--2721},
  year={2009},
  publisher={Wiley Online Library}
}

@article{plis2011effective,
  title={Effective connectivity analysis of {fMRI} and {MEG} data collected under identical paradigms},
  author={Plis, Sergey M and Weisend, Michael P and Damaraju, Eswar and Eichele, Tom and Mayer, Andy and Clark, Vincent P and Lane, Terran and Calhoun, Vince D},
  journal={Computers in biology and medicine},
  volume={41},
  number={12},
  pages={1156--1165},
  year={2011},
  publisher={Elsevier}
}

@article{yang2010hybrid,
  title={A hybrid machine learning method for fusing {fMRI} and genetic data: combining both improves classification of schizophrenia},
  author={Yang, Honghui and Liu, Jingyu and Sui, Jing and Pearlson, Godfrey and Calhoun, Vince D},
  journal={Front Hum Neurosci},
  volume={4},
  number={192.10},
  pages={3389},
  year={2010}
}

@article{calhoun2009review,
  title={A review of group {ICA} for {fMRI} data and {ICA} for joint inference of imaging, genetic, and ERP data},
  author={Calhoun, Vince D and Liu, Jingyu and Adal{\i}, T{\"u}lay},
  journal={Neuroimage},
  volume={45},
  number={1},
  pages={S163--S172},
  year={2009},
  publisher={Elsevier}
}

@article{teipel2010white,
  title={White matter microstructure underlying default mode network connectivity in the human brain},
  author={Teipel, Stefan J and Bokde, Arun LW and Meindl, Thomas and Amaro, Edson and Soldner, Jasmin and Reiser, Maximilian F and Herpertz, Sabine C and M{\"o}ller, Hans-J{\"u}rgen and Hampel, Harald},
  journal={Neuroimage},
  volume={49},
  number={3},
  pages={2021--2032},
  year={2010},
  publisher={Elsevier}
}

@article{correa2008canonical,
  title={Canonical correlation analysis for feature-based fusion of biomedical imaging modalities and its application to detection of associative networks in schizophrenia},
  author={Correa, Nicolle M and Li, Yi-Ou and Adali, T{\"u}lay and Calhoun, Vince D},
  journal={Selected Topics in Signal Processing, IEEE Journal of},
  volume={2},
  number={6},
  pages={998--1007},
  year={2008},
  publisher={IEEE}
}

@article{correa2010multi,
  title={Multi-set canonical correlation analysis for the fusion of concurrent single trial {ERP} and functional {MRI}},
  author={Correa, Nicolle M and Eichele, Tom and Adal{\i}, T{\"u}lay and Li, Yi-Ou and Calhoun, Vince D},
  journal={Neuroimage},
  volume={50},
  number={4},
  pages={1438--1445},
  year={2010},
  publisher={Elsevier}
}

@inproceedings{correa2008examining,
  title={Examining associations between {fMRI} and {EEG} data using canonical correlation analysis},
  author={Correa, Nicolle and Li, Yi-Ou and Adali, Tulay and Calhoun, Vince D},
  booktitle={Biomedical Imaging: From Nano to Macro, 2008. ISBI 2008. 5th IEEE International Symposium on},
  pages={1251--1254},
  year={2008},
  organization={IEEE}
}

@article{chen2009linking,
  title={Linking functional and structural brain images with multivariate network analyses: a novel application of the partial least square method},
  author={Chen, Kewei and Reiman, Eric M and Huan, Zhongdan and Caselli, Richard J and Bandy, Daniel and Ayutyanont, Napatkamon and Alexander, Gene E},
  journal={Neuroimage},
  volume={47},
  number={2},
  pages={602--610},
  year={2009},
  publisher={Elsevier}
}

@article{kasabov2014neucube,
  title={{NeuCube}: A spiking neural network architecture for mapping, learning and understanding of spatio-temporal brain data},
  author={Kasabov, Nikola K},
  journal={Neural Networks},
  volume={52},
  pages={62--76},
  year={2014},
  publisher={Elsevier}
}

@article{maass2002real,
  title={Real-time computing without stable states: A new framework for neural computation based on perturbations},
  author={Maass, Wolfgang and Natschl{\"a}ger, Thomas and Markram, Henry},
  journal={Neural computation},
  volume={14},
  number={11},
  pages={2531--2560},
  year={2002},
  publisher={MIT Press}
}

@Inbook{sengupta2015framework,
author={Sengupta, Neelava
and Scott, Nathan
and Kasabov, Nikola},
title={Framework for Knowledge Driven Optimisation Based Data Encoding for Brain Data Modelling Using Spiking Neural Network Architecture},
bookTitle={Proceedings of the Fifth International Conference on Fuzzy and Neuro Computing (FANCCO - 2015)},
year={2015},
publisher={Springer International Publishing},
address={Cham},
pages={109--118},
isbn={978-3-319-27212-2},
doi={10.1007/978-3-319-27212-2_9}
}

@article{song2000competitive,
  title={Competitive Hebbian learning through spike-timing-dependent synaptic plasticity},
  author={Song, Sen and Miller, Kenneth D and Abbott, Larry F},
  journal={Nature neuroscience},
  volume={3},
  number={9},
  pages={919--926},
  year={2000},
  publisher={Nature Publishing Group}
}

@article{kasabov2013dynamic,
  title={Dynamic evolving spiking neural networks for on-line spatio-and spectro-temporal pattern recognition},
  author={Kasabov, Nikola and Dhoble, Kshitij and Nuntalid, Nuttapod and Indiveri, Giacomo},
  journal={Neural Networks},
  volume={41},
  pages={188--201},
  year={2013},
  publisher={Elsevier}
}

@book{hebb1949organization,
  title={The organization of behavior: A neuropsychological approach},
  author={Hebb, Donald Olding},
  year={1949},
  publisher={John Wiley \& Sons}
}

@article{gerstner1996neuronal,
  title={A neuronal learning rule for sub-millisecond temporal coding},
  author={Gerstner, Wulfram and Kempter, Richard and van Hemmen, J Leo and Wagner, Hermann},
  journal={Nature},
  volume={383},
  number={LCN-ARTICLE-1996-002},
  pages={76--78},
  year={1996}
}

@article{sjostrom2010spike,
  title={Spike-timing dependent plasticity},
  author={Sj{\"o}str{\"o}m, Jesper and Gerstner, Wulfram},
  journal={Spike-timing dependent plasticity},
  pages={35},
  year={2010},
  publisher={Frontiers E-books}
}

@article{van2011cuda,
  title={{CUDA}-accelerated geodesic ray-tracing for fiber tracking},
  author={van Aart, Evert and Sepasian, Neda and Jalba, Andrei and Vilanova, Anna},
  journal={Journal of Biomedical Imaging},
  volume={2011},
  pages={6},
  year={2011},
  publisher={Hindawi Publishing Corp.}
}

@article{patel2015machine,
  title={Machine learning approaches for integrating clinical and imaging features in late-life depression classification and response prediction},
  author={Patel, Meenal J and Andreescu, Carmen and Price, Julie C and Edelman, Kathryn L and Reynolds, Charles F and Aizenstein, Howard J},
  journal={International journal of geriatric psychiatry},
  volume={30},
  number={10},
  pages={1056--1067},
  year={2015},
  publisher={Wiley Online Library}
}

@article{khodayari2013machine,
  title={A machine learning approach using {EEG} data to predict response to SSRI treatment for major depressive disorder},
  author={Khodayari-Rostamabad, Ahmad and Reilly, James P and Hasey, Gary M and de Bruin, Hubert and MacCrimmon, Duncan J},
  journal={Clinical Neurophysiology},
  volume={124},
  number={10},
  pages={1975--1985},
  year={2013},
  publisher={Elsevier}
}

@article{lin2008artificial,
  title={Artificial neural network prediction of clozapine response with combined pharmacogenetic and clinical data},
  author={Lin, Chao-Cheng and Wang, Ying-Chieh and Chen, Jen-Yeu and Liou, Ying-Jay and Bai, Ya-Mei and Lai, I-Ching and Chen, Tzu-Ting and Chiu, Hung-Wen and Li, Yu-Chuan},
  journal={Computer methods and programs in biomedicine},
  volume={91},
  number={2},
  pages={91--99},
  year={2008},
  publisher={Elsevier}
}

@article{ardekani2011diffusion,
  title={Diffusion tensor imaging reliably differentiates patients with schizophrenia from healthy volunteers},
  author={Ardekani, Babak A and Tabesh, Ali and Sevy, Serge and Robinson, Delbert G and Bilder, Robert M and Szeszko, Philip R},
  journal={Human brain mapping},
  volume={32},
  number={1},
  pages={1--9},
  year={2011},
  publisher={Wiley Online Library}
}

@article{whitford2011diffusion,
  title={Diffusion tensor imaging, structural connectivity, and schizophrenia},
  author={Whitford, Thomas J and Kubicki, Marek and Shenton, Martha E},
  journal={Schizophrenia research and treatment},
  volume={2011},
  year={2011},
  publisher={Hindawi Publishing Corporation}
}

@article{khodayari2010pilot,
  title={A pilot study to determine whether machine learning methodologies using pre-treatment electroencephalography can predict the symptomatic response to clozapine therapy},
  author={Khodayari-Rostamabad, Ahmad and Hasey, Gary M and MacCrimmon, Duncan J and Reilly, James P and de Bruin, Hubert},
  journal={Clinical Neurophysiology},
  volume={121},
  number={12},
  pages={1998--2006},
  year={2010},
  publisher={Elsevier}
}

@article{kohonen1990self,
  title={The self-organizing map},
  author={Kohonen, Teuvo},
  journal={Proceedings of the IEEE},
  volume={78},
  number={9},
  pages={1464--1480},
  year={1990},
  publisher={IEEE}
}

@article{doehrmann2013predicting,
  title={Predicting treatment response in social anxiety disorder from functional magnetic resonance imaging},
  author={Doehrmann, Oliver and Ghosh, Satrajit S and Polli, Frida E and Reynolds, Gretchen O and Horn, Franziska and Keshavan, Anisha and Triantafyllou, Christina and Saygin, Zeynep M and Whitfield-Gabrieli, Susan and Hofmann, Stefan G and others},
  journal={JAMA psychiatry},
  volume={70},
  number={1},
  pages={87--97},
  year={2013},
  publisher={American Medical Association}
}

@article{greicius2009resting,
  title={Resting-state functional connectivity reflects structural connectivity in the default mode network},
  author={Greicius, Michael D and Supekar, Kaustubh and Menon, Vinod and Dougherty, Robert F},
  journal={Cerebral cortex},
  volume={19},
  number={1},
  pages={72--78},
  year={2009},
  publisher={Oxford Univ Press}
}

@article{stephan2009dysconnection,
  title={Dysconnection in schizophrenia: from abnormal synaptic plasticity to failures of self-monitoring},
  author={Stephan, Klaas E and Friston, Karl J and Frith, Chris D},
  journal={Schizophrenia bulletin},
  pages={sbn176},
  year={2009},
  publisher={MPRC}
}

@article{rubinov2010complex,
  title={Complex network measures of brain connectivity: uses and interpretations},
  author={Rubinov, Mikail and Sporns, Olaf},
  journal={Neuroimage},
  volume={52},
  number={3},
  pages={1059--1069},
  year={2010},
  publisher={Elsevier}
}

@article{jenkinson2012fsl,
  title={Fsl},
  author={Jenkinson, Mark and Beckmann, Christian F and Behrens, Timothy EJ and Woolrich, Mark W and Smith, Stephen M},
  journal={Neuroimage},
  volume={62},
  number={2},
  pages={782--790},
  year={2012},
  publisher={Elsevier}
}

@article{kasabov2016evolving,
  title={Evolving spatio-temporal data machines based on the {NeuCube} neuromorphic framework: design methodology and selected applications},
  author={Kasabov, Nikola and Scott, Nathan Matthew and Tu, Enmei and Marks, Stefan and Sengupta, Neelava and Capecci, Elisa and Othman, Muhaini and Doborjeh, Maryam Gholami and Murli, Norhanifah and Hartono, Reggio and others},
  journal={Neural Networks},
  volume={78},
  pages={1--14},
  year={2016},
  publisher={Elsevier}
}

@article{ou1992anatomical,
  title={Anatomical evidence for cerebellar and basal ganglia involvement in higher cognitive function},
  author={Ou, WJ and Cameron, PH and Thomas, DY},
  journal={Biol},
  volume={2},
  pages={227},
  year={1992}
}

@article{baillieux2008cerebellar,
  title={Cerebellar cognitive affective syndrome associated with topiramate},
  author={Baillieux, Hanne and Verslegers, Werner and Paquier, Philippe and De Deyn, Peter P and Mari{\"e}n, Peter},
  journal={Clinical neurology and neurosurgery},
  volume={110},
  number={5},
  pages={496--499},
  year={2008},
  publisher={Elsevier}
}

@article{gao1996cerebellum,
  title={Cerebellum implicated in sensory acquisition and discrimination rather than motor control},
  author={Gao, Jai-Hong and Parsons, Lawrence M and Bower, James M and Xiong, Jinhu and others},
  journal={Science},
  volume={272},
  number={5261},
  pages={545},
  year={1996},
  publisher={The American Association for the Advancement of Science}
}

@article{courchesne1994model,
  title={A model system for the study of attention and the cerebellum: infantile autism.},
  author={Courchesne, E and Akshoomoff, NA and Townsend, J and Saitoh, O},
  journal={Electroencephalography and clinical neurophysiology. Supplement},
  volume={44},
  pages={315--325},
  year={1994}
}

@article{kim1994activation,
  title={Activation of a cerebellar output nucleus during cognitive processing},
  author={Kim, SG and Ugurbil, K and Strick, PL and others},
  journal={SCIENCE-NEW YORK THEN WASHINGTON-},
  pages={949--949},
  year={1994},
  publisher={American Association for the Advancement of Science}
}

@article{yeganeh2011role,
  title={The role of the cerebellum in schizophrenia: from cognition to molecular pathways},
  author={Yeganeh-Doost, Peyman and Gruber, Oliver and Falkai, Peter and Schmitt, Andrea},
  journal={Clinics},
  volume={66},
  pages={71--77},
  year={2011},
  publisher={SciELO Brasil}
}

@article{fonov2009unbiased,
  title={Unbiased nonlinear average age-appropriate brain templates from birth to adulthood},
  author={Fonov, Vladimir S and Evans, Alan C and McKinstry, Robert C and Almli, CR and Collins, DL},
  journal={NeuroImage},
  volume={47},
  pages={S102},
  year={2009},
  publisher={Academic Press}
}

@article{fonov2011unbiased,
  title={Unbiased average age-appropriate atlases for pediatric studies},
  author={Fonov, Vladimir and Evans, Alan C and Botteron, Kelly and Almli, C Robert and McKinstry, Robert C and Collins, D Louis and Brain Development Cooperative Group and others},
  journal={NeuroImage},
  volume={54},
  number={1},
  pages={313--327},
  year={2011},
  publisher={Elsevier}
}

@inproceedings{breuel2010automlp,
  title={Automlp: Simple, effective, fully automated learning rate and size adjustment},
  author={Breuel, Thomas and Shafait, Faisal},
  booktitle={The Learning Workshop},
  year={2010},
  organization={Utah}
}

@incollection{kecman2005iterative,
  title={Iterative single data algorithm for training kernel machines from huge data sets: Theory and performance},
  author={Kecman, Vojislav and Huang, T-M and Vogt, Michael},
  booktitle={Support vector machines: theory and applications},
  pages={255--274},
  year={2005},
  publisher={Springer}
}

@article{pruim2015evaluation,
  title={Evaluation of ICA-AROMA and alternative strategies for motion artifact removal in resting state fMRI},
  author={Pruim, Raimon HR and Mennes, Maarten and Buitelaar, Jan K and Beckmann, Christian F},
  journal={Neuroimage},
  volume={112},
  pages={278--287},
  year={2015},
  publisher={Elsevier}
}

@article{pruim2015ica,
  title={ICA-AROMA: a robust ICA-based strategy for removing motion artifacts from fMRI data},
  author={Pruim, Raimon HR and Mennes, Maarten and van Rooij, Daan and Llera, Alberto and Buitelaar, Jan K and Beckmann, Christian F},
  journal={Neuroimage},
  volume={112},
  pages={267--277},
  year={2015},
  publisher={Elsevier}
}

@article{lukovsevivcius2009reservoir,
  title={Reservoir computing approaches to recurrent neural network training},
  author={Luko{\v{s}}evi{\v{c}}ius, Mantas and Jaeger, Herbert},
  journal={Computer Science Review},
  volume={3},
  number={3},
  pages={127--149},
  year={2009},
  publisher={Elsevier}
}

@article{sengupta2017spike,
title = {Spike-time encoding as a data compression technique for pattern recognition of temporal data},
journal = {Information Sciences},
volume = {406-407},
pages = {133 - 145},
year = {2017},
issn = {0020-0255},
doi = {https://doi.org/10.1016/j.ins.2017.04.017},
author = {Sengupta, Neelava and Kasabov, Nikola}
}

@article{kasabov2014evolving,
  title={Evolving spiking neural networks for personalised modelling, classification and prediction of spatio-temporal patterns with a case study on stroke},
  author={Kasabov, Nikola and Feigin, Valery and Hou, Zeng-Guang and Chen, Yixiong and Liang, Linda and Krishnamurthi, Rita and Othman, Muhaini and Parmar, Priya},
  journal={Neurocomputing},
  volume={134},
  pages={269--279},
  year={2014},
  publisher={Elsevier}
}

@inproceedings{tu2014neucube,
  title={NeuCube (ST) for spatio-temporal data predictive modelling with a case study on ecological data},
  author={Tu, Enmei and Kasabov, Nikola and Othman, Muhaini and Li, Yuxiao and Worner, Susan and Yang, Jie and Jia, Zhenghong},
  booktitle={Neural Networks (IJCNN), 2014 International Joint Conference on},
  pages={638--645},
  year={2014},
  organization={IEEE}
}

@article{tu2017mapping,
  title={Mapping temporal variables into the neucube for improved pattern recognition, predictive modeling, and understanding of stream data},
  author={Tu, Enmei and Kasabov, Nikola and Yang, Jie},
  journal={IEEE transactions on neural networks and learning systems},
  volume={28},
  number={6},
  pages={1305--1317},
  year={2017},
  publisher={IEEE}
}

@article{sjostrom2010stdp,
author = {Sjöström, Jesper  and Gerstner, Wulfram },
title   = {{S}pike-timing dependent plasticity},
year    = {2010},
journal = {Scholarpedia},
volume  = {5},
number  = {2},
pages   = {1362},
doi     = {10.4249/scholarpedia.1362},
note    = {revision \#151671}
}

@misc{dtiwiki,
  title = {Medical image computing},
  howpublished = {\url{https://en.wikipedia.org/wiki/Medical_image_computing}}
}

@misc{chollet2015keras,
  title={Keras},
  author={Chollet, Fran\c{c}ois and others},
  year={2015},
  publisher={GitHub},
  howpublished={\url{https://github.com/fchollet/keras}},
}

@inproceedings{hochreiter1997lstm,
  title={LSTM can solve hard long time lag problems},
  author={Hochreiter, Sepp and Schmidhuber, J{\"u}rgen},
  booktitle={Advances in neural information processing systems},
  pages={473--479},
  year={1997}
}

@article{cho2014learning,
  title={Learning phrase representations using RNN encoder-decoder for statistical machine translation},
  author={Cho, Kyunghyun and Van Merri{\"e}nboer, Bart and Gulcehre, Caglar and Bahdanau, Dzmitry and Bougares, Fethi and Schwenk, Holger and Bengio, Yoshua},
  journal={arXiv preprint arXiv:1406.1078},
  year={2014}
}

@article{scikit-learn,
 title={Scikit-learn: Machine Learning in {P}ython},
 author={Pedregosa, F. and Varoquaux, G. and Gramfort, A. and Michel, V.
         and Thirion, B. and Grisel, O. and Blondel, M. and Prettenhofer, P.
         and Weiss, R. and Dubourg, V. and Vanderplas, J. and Passos, A. and
         Cournapeau, D. and Brucher, M. and Perrot, M. and Duchesnay, E.},
 journal={Journal of Machine Learning Research},
 volume={12},
 pages={2825--2830},
 year={2011}
}

@article{ng2011sparse,
  title={Sparse autoencoder},
  author={Ng, Andrew},
  journal={CS294A Lecture notes},
  volume={72},
  number={2011},
  pages={1--19},
  year={2011}
}

@article{hinton2006reducing,
  title={Reducing the dimensionality of data with neural networks},
  author={Hinton, Geoffrey E and Salakhutdinov, Ruslan R},
  journal={science},
  volume={313},
  number={5786},
  pages={504--507},
  year={2006},
  publisher={American Association for the Advancement of Science}
}

@inproceedings{tieleman2008training,
  title={Training restricted Boltzmann machines using approximations to the likelihood gradient},
  author={Tieleman, Tijmen},
  booktitle={Proceedings of the 25th international conference on Machine learning},
  pages={1064--1071},
  year={2008},
  organization={ACM}
}

@article{kasabov2017mapping,
  title={Mapping, learning, visualization, classification, and understanding of fMRI Data in the NeuCube evolving spatiotemporal data machine of spiking neural networks},
  author={Kasabov, Nikola K and Doborjeh, Maryam Gholami and Doborjeh, Zohreh Gholami},
  journal={IEEE transactions on neural networks and learning systems},
  volume={28},
  number={4},
  pages={887--899},
  year={2017},
  publisher={IEEE}
}

@article{stampfli2008combining,
  title={Combining fMRI and DTI: a framework for exploring the limits of fMRI-guided DTI fiber tracking and for verifying DTI-based fiber tractography results},
  author={St{\"a}mpfli, Philipp and Reischauer, Carolin and Jaermann, T and Valavanis, Anton and Kollias, S and Boesiger, Peter},
  journal={Neuroimage},
  volume={39},
  number={1},
  pages={119--126},
  year={2008},
  publisher={Elsevier}
}

@article{behrens2003characterization,
  title={Characterization and propagation of uncertainty in diffusion-weighted MR imaging},
  author={Behrens, Timothy EJ and Woolrich, MW and Jenkinson, Mark and Johansen-Berg, H and Nunes, RG and Clare, S and Matthews, PM and Brady, J Michael and Smith, Stephen M},
  journal={Magnetic resonance in medicine},
  volume={50},
  number={5},
  pages={1077--1088},
  year={2003},
  publisher={Wiley Online Library}
}

@article{kleiser2010impact,
  title={Impact of fMRI-guided advanced DTI fiber tracking techniques on their clinical applications in patients with brain tumors},
  author={Kleiser, Raimund and Staempfli, Philipp and Valavanis, Anton and Boesiger, Peter and Kollias, Spyros},
  journal={Neuroradiology},
  volume={52},
  number={1},
  pages={37},
  year={2010},
  publisher={Springer}
}

@article{horwitz2002can,
  title={How can EEG/MEG and fMRI/PET data be combined?},
  author={Horwitz, Barry and Poeppel, David},
  journal={Human brain mapping},
  volume={17},
  number={1},
  pages={1--3},
  year={2002},
  publisher={New York: Wiley-Liss, c1993-}
}

@article{kasabov2016new,
  title={New algorithms for encoding, learning and classification of fmri data in a spiking neural network architecture: a case on modelling and understanding of dynamic cognitive processes},
  author={Kasabov, Nikola and Zhou, Lei and Doborjeh, Maryam Gholami and Doborjeh, Zohreh Gholami and Yang, Jie},
  journal={IEEE Transactions on Cognitive and Developmental Systems},
  year={2016},
  publisher={IEEE}
}

@book{carlson1967foundations,
  title={Foundations of physiological psychology},
  author={Carlson, Neil R},
  year={1967},
  publisher={WW Publisher}
}

@article{mel1994information,
  title={Information processing in dendritic trees},
  author={Mel, Bartlett W},
  journal={Neural computation},
  volume={6},
  number={6},
  pages={1031--1085},
  year={1994},
  publisher={MIT Press}
}

@article{koch1999neurobiology,
  title={The neurobiology of startle},
  author={Koch, Michael},
  journal={Progress in neurobiology},
  volume={59},
  number={2},
  pages={107--128},
  year={1999},
  publisher={Elsevier}
}

@book{kandel2000principles,
  title={Principles of neural science},
  author={Kandel, Eric R and Schwartz, James H and Jessell, Thomas M and Siegelbaum, Steven A and Hudspeth, A James and others},
  volume={4},
  year={2000},
  publisher={McGraw-hill New York}
}

@misc{squire1999memory,
  title={Memory: From Molecules to Memory: Scientific American Library},
  author={Squire, LS and Kandel, ER},
  year={1999},
  publisher={New York, Freeman Press}
}

@article{marian2002biologically,
  title={A biologically inspired model of motor control of direction},
  author={Marian, I},
  journal={Master's thesis, University College Dublin},
  year={2002}
}

@book{aur2010neuroelectrodynamics,
  title={Neuroelectrodynamics: understanding the brain language},
  author={Aur, Dorian and Jog, Mandar S},
  volume={74},
  year={2010},
  publisher={IOS Press}
}

@article{tsien2013brain,
  title={On brain activity mapping: insights and lessons from Brain Decoding Project to map memory patterns in the hippocampus},
  author={Tsien, Joe Z and Li, Meng and Osan, Remus and Chen, GuiFen and Lin, LongNian and Wang, Phillip Lei and Frey, Sabine and Frey, Julietta and Zhu, DaJiang and Liu, TianMing and others},
  journal={Science China. Life Sciences},
  volume={56},
  number={9},
  pages={767},
  year={2013},
  publisher={Springer Science \& Business Media}
}

@article{adrian1926impulses,
  title={The impulses produced by sensory nerve endings},
  author={Adrian, Edgar D},
  journal={The Journal of physiology},
  volume={61},
  number={1},
  pages={49--72},
  year={1926},
  publisher={Wiley Online Library}
}

@article{hubel1959receptive,
  title={Receptive fields of single neurones in the cat's striate cortex},
  author={Hubel, David H and Wiesel, Torsten N},
  journal={The Journal of physiology},
  volume={148},
  number={3},
  pages={574--591},
  year={1959},
  publisher={Wiley Online Library}
}

@article{hubel1962receptive,
  title={Receptive fields, binocular interaction and functional architecture in the cat's visual cortex},
  author={Hubel, David H and Wiesel, Torsten N},
  journal={The Journal of physiology},
  volume={160},
  number={1},
  pages={106--154},
  year={1962},
  publisher={Wiley Online Library}
}

@article{olshausen2006other,
  title={What is the other 85 percent of V1 doing},
  author={Olshausen, Bruno A and Field, David J},
  journal={L. van Hemmen, \& T. Sejnowski (Eds.)},
  volume={23},
  pages={182--211},
  year={2006}
}

@article{kostal2007neuronal,
  title={Neuronal coding and spiking randomness},
  author={Kostal, Lubomir and Lansky, Petr and Rospars, Jean-Pierre},
  journal={European Journal of Neuroscience},
  volume={26},
  number={10},
  pages={2693--2701},
  year={2007},
  publisher={Wiley Online Library}
}

@article{wilson2008neural,
  title={Neural and behavioral mechanisms of olfactory perception},
  author={Wilson, Rachel I},
  journal={Current opinion in neurobiology},
  volume={18},
  number={4},
  pages={408--412},
  year={2008},
  publisher={Elsevier}
}

@article{theunissen1995temporal,
  title={Temporal encoding in nervous systems: a rigorous definition},
  author={Theunissen, Fr{\'e}d{\'e}ric and Miller, John P},
  journal={Journal of computational neuroscience},
  volume={2},
  number={2},
  pages={149--162},
  year={1995},
  publisher={Springer}
}

@article{van2001rate,
  title={Rate coding versus temporal order coding: what the retinal ganglion cells tell the visual cortex},
  author={Van Rullen, Rufin and Thorpe, Simon J},
  journal={Neural computation},
  volume={13},
  number={6},
  pages={1255--1283},
  year={2001},
  publisher={MIT Press}
}

@article{gautrais1998rate,
  title={Rate coding versus temporal order coding: a theoretical approach},
  author={Gautrais, Jacques and Thorpe, Simon},
  journal={Biosystems},
  volume={48},
  number={1},
  pages={57--65},
  year={1998},
  publisher={Elsevier}
}

@article{thorpe2001spike,
  title={Spike-based strategies for rapid processing},
  author={Thorpe, Simon and Delorme, Arnaud and Van Rullen, Rufin},
  journal={Neural networks},
  volume={14},
  number={6},
  pages={715--725},
  year={2001},
  publisher={Elsevier}
}

@article{thorpe1989biological,
  title={Biological constraints on connectionist modelling},
  author={Thorpe, Simon J and Imbert, Michel},
  journal={Connectionism in perspective},
  pages={63--92},
  year={1989},
  publisher={Elsevier Amsterdam}
}

@article{pachitariuprobabilistic,
  title={Probabilistic models for spike trains of single neurons},
  author={Pachitariu, Marius and Brody, Carlos D and Jun, PhD Joseph K and Holmes, Philip J}
}

@article{ghosh2009spiking,
  title={Spiking neural networks},
  author={Ghosh-Dastidar, Samanwoy and Adeli, Hojjat},
  journal={International journal of neural systems},
  volume={19},
  number={04},
  pages={295--308},
  year={2009},
  publisher={World Scientific}
}

@article{de1994active,
  title={An active membrane model of the cerebellar Purkinje cell. I. Simulation of current clamps in slice},
  author={De Schutter, ERIK and Bower, James M},
  journal={Journal of neurophysiology},
  volume={71},
  number={1},
  pages={375--400},
  year={1994},
  publisher={Am Physiological Soc}
}

@article{segev1998compartmental,
  title={Compartmental models of complex neurons},
  author={Segev, Idan and Burke, Robert E and Hines, M},
  journal={Methods in neuronal modeling: From ions to networks},
  volume={2},
  year={1998},
  publisher={MIT Press, Cambridge}
}

@article{mainen1998modeling,
  title={Modeling active dendritic processes in pyramidal neurons},
  author={Mainen, Zachary F and Sejnowski, Terrence J},
  journal={Methods in neuronal modeling},
  pages={171--210},
  year={1998},
  publisher={The MIT Press Cambridge, MA}
}

@article{hodgkin1952quantitative,
  title={A quantitative description of membrane current and its application to conduction and excitation in nerve},
  author={Hodgkin, Alan L and Huxley, Andrew F},
  journal={The Journal of physiology},
  volume={117},
  number={4},
  pages={500--544},
  year={1952},
  publisher={Wiley Online Library}
}

@inproceedings{wilson1989genesis,
  title={GENESIS: A system for simulating neural networks},
  author={Wilson, Matthew A and Bhalla, Upinder S and Uhley, John D and Bower, James M},
  booktitle={Advances in neural information processing systems},
  pages={485--492},
  year={1989}
}

@article{hines2006neuron,
  title={The NEURON simulation environment},
  author={Hines, Michael L and Carnevale, Nicholas T},
  journal={NEURON},
  volume={9},
  number={6},
  year={2006},
  publisher={MIT Press}
}

@book{gerstner2002spiking,
  title={Spiking Neuron Models: Single Neurons, Populations, Plasticity},
  author={Gerstner, Wulfram and Kistler, Werner M},
  year={2002},
  publisher={Cambridge University Press}
}

@article{kistler1997reduction,
  title={Reduction of the Hodgkin-Huxley equations to a single-variable threshold model},
  author={Kistler, Werner M and Gerstner, Wulfram and van Hemmen, J Leo},
  journal={Neural computation},
  volume={9},
  number={5},
  pages={1015--1045},
  year={1997},
  publisher={MIT Press}
}

@article{bugmann1997role,
  title={Role of temporal integration and fluctuation detection in the highly irregular firing of a leaky integrator neuron model with partial reset},
  author={Bugmann, Guido and Christodoulou, Chris and Taylor, John G},
  journal={Neural Computation},
  volume={9},
  number={5},
  pages={985--1000},
  year={1997},
  publisher={MIT Press}
}

@techreport{gerstner1998spiking,
  title={Spiking neurons},
  author={Gerstner, Wulfram},
  year={1998},
  institution={MIT-press}
}

@article{izhikevich2001resonate,
  title={Resonate-and-fire neurons},
  author={Izhikevich, Eugene M},
  journal={Neural networks},
  volume={14},
  number={6},
  pages={883--894},
  year={2001},
  publisher={Elsevier}
}

@book{gerstner2014neuronal,
  title={Neuronal dynamics: From single neurons to networks and models of cognition},
  author={Gerstner, Wulfram and Kistler, Werner M and Naud, Richard and Paninski, Liam},
  year={2014},
  publisher={Cambridge University Press}
}

@article{izhikevich2004model,
  title={Which model to use for cortical spiking neurons?},
  author={Izhikevich, Eugene M},
  journal={IEEE transactions on neural networks},
  volume={15},
  number={5},
  pages={1063--1070},
  year={2004},
  publisher={Ieee}
}

@article{gerstner2001framework,
  title={A framework for spiking neuron models: The spike response model},
  author={Gerstner, Wulfram},
  journal={Handbook of Biological Physics},
  volume={4},
  pages={469--516},
  year={2001},
  publisher={Elsevier}
}

@article{baum1988capabilities,
  title={On the capabilities of multilayer perceptrons},
  author={Baum, Eric B},
  journal={Journal of complexity},
  volume={4},
  number={3},
  pages={193--215},
  year={1988},
  publisher={Elsevier}
}
@article{park1991universal,
  title={Universal approximation using radial-basis-function networks},
  author={Park, Jooyoung and Sandberg, Irwin W},
  journal={Neural computation},
  volume={3},
  number={2},
  pages={246--257},
  year={1991},
  publisher={MIT Press}
}

@article{specht1990probabilistic,
  title={Probabilistic neural networks},
  author={Specht, Donald F},
  journal={Neural networks},
  volume={3},
  number={1},
  pages={109--118},
  year={1990},
  publisher={Elsevier}
}

@article{kohonen1998self,
  title={The self-organizing map},
  author={Kohonen, Teuvo},
  journal={Neurocomputing},
  volume={21},
  number={1},
  pages={1--6},
  year={1998},
  publisher={Elsevier}
}

@article{schaul2010pybrain,
  title={PyBrain},
  author={Schaul, Tom and Bayer, Justin and Wierstra, Daan and Sun, Yi and Felder, Martin and Sehnke, Frank and R{\"u}ckstie{\ss}, Thomas and Schmidhuber, J{\"u}rgen},
  journal={The Journal of Machine Learning Research},
  volume={11},
  pages={743--746},
  year={2010},
  publisher={JMLR. org}
}

@article{nissen2000fast,
  title={Fast artificial neural network library},
  author={Nissen, Steffen and Nemerson, Evan},
  journal={Available at leenissen. dk/fann/html/files/fann-h. html},
  year={2000}
}

@article{hall2009weka,
  title={The WEKA data mining software: an update},
  author={Hall, Mark and Frank, Eibe and Holmes, Geoffrey and Pfahringer, Bernhard and Reutemann, Peter and Witten, Ian H},
  journal={ACM SIGKDD explorations newsletter},
  volume={11},
  number={1},
  pages={10--18},
  year={2009},
  publisher={ACM}
}

@incollection{berthold2008knime,
  title={KNIME: The Konstanz information miner},
  author={Berthold, Michael R and Cebron, Nicolas and Dill, Fabian and Gabriel, Thomas R and K{\"o}tter, Tobias and Meinl, Thorsten and Ohl, Peter and Sieb, Christoph and Thiel, Kilian and Wiswedel, Bernd},
  booktitle={Data analysis, machine learning and applications},
  pages={319--326},
  year={2008},
  publisher={Springer}
}

@book{kasabov2007evolving,
  title={Evolving connectionist systems: the knowledge engineering approach},
  author={Kasabov, Nikola},
  year={2007},
  publisher={Springer Science \& Business Media}
}

@misc{neucom,
  title = {NeuCom},
  howpublished = {\url{http://www.theneucom.com}},
  note = {Accessed: 2015-08-15}
}

@misc{Afterhyperpolarization,
  title = {Afterhyperpolarization},
  howpublished = {\url{https://en.wikipedia.org/wiki/Afterhyperpolarization}},
  year={2007},
  note = {Accessed: 2018-02-25}
}

@book{demvsar2004orange,
  title={Orange: From experimental machine learning to interactive data mining},
  author={Dem{\v{s}}ar, Janez and Zupan, Bla{\v{z}} and Leban, Gregor and Curk, Tomaz},
  year={2004},
  publisher={Springer}
}

@article{hines1997neuron,
  title={The NEURON simulation environment},
  author={Hines, Michael L and Carnevale, Nicholas T},
  journal={Neural computation},
  volume={9},
  number={6},
  pages={1179--1209},
  year={1997},
  publisher={MIT Press}
}

@article{brette2007simulation,
  title={Simulation of networks of spiking neurons: a review of tools and strategies},
  author={Brette, Romain and Rudolph, Michelle and Carnevale, Ted and Hines, Michael and Beeman, David and Bower, James M and Diesmann, Markus and Morrison, Abigail and Goodman, Philip H and Harris Jr, Frederick C and others},
  journal={Journal of computational neuroscience},
  volume={23},
  number={3},
  pages={349--398},
  year={2007},
  publisher={Springer}
}

@article{eppler2008pynest,
  title={PyNEST: a convenient interface to the NEST simulator},
  author={Eppler, Jochen Martin and Helias, Moritz and Muller, Eilif and Diesmann, Markus and Gewaltig, Marc-Oliver},
  journal={Frontiers in neuroinformatics},
  volume={2},
  year={2008},
  publisher={Frontiers Research Foundation}
}

@article{pecevskioger,
  title={Oger: Modular Learning Architectures For Large-Scale Sequential Processing},
  author={Pecevski, Dejan}
}

@incollection{natschlager2003computer,
  title={Computer models and analysis tools for neural microcircuits},
  author={Natschl{\"a}ger, Thomas and Markram, Henry and Maass, Wolfgang},
  booktitle={Neuroscience Databases},
  pages={123--138},
  year={2003},
  publisher={Springer}
}

@article{pecevski2009pcsim,
  title={PCSIM: a parallel simulation environment for neural circuits fully integrated with Python},
  author={Pecevski, Dejan and Natschl{\"a}ger, Thomas and Schuch, Klaus},
  journal={Frontiers in neuroinformatics},
  volume={3},
  year={2009},
  publisher={Frontiers Research Foundation}
}

@phdthesis{drewes2005brainlab,
  title={Brainlab: a toolkit to aid in the design, simulation, and analysis of spiking neural networks with the NCS environment},
  author={Drewes, Rich},
  year={2005},
  school={University of Nevada Reno}
}

@phdthesis{wilson2001parallel,
  title={Parallel implementation of a large scale biologically realistic neocortical neural network simulator},
  author={Wilson, E Courtenay},
  year={2001},
  school={University of Nevada Reno}
}

@article{goodman2009brian,
  title={The brian simulator},
  author={Goodman, Dan FM and Brette, Romain},
  journal={Frontiers in neuroscience},
  volume={3},
  number={2},
  pages={192},
  year={2009},
  publisher={Frontiers Research Foundation}
}

@article{goodman2010code,
  title={Code generation: a strategy for neural network simulators},
  author={Goodman, Dan FM},
  journal={Neuroinformatics},
  volume={8},
  number={3},
  pages={183--196},
  year={2010},
  publisher={Springer}
}

@article{diesmann1999stable,
  title={Stable propagation of synchronous spiking in cortical neural networks},
  author={Diesmann, Markus and Gewaltig, Marc-Oliver and Aertsen, Ad},
  journal={Nature},
  volume={402},
  number={6761},
  pages={529--533},
  year={1999},
  publisher={Nature Publishing Group}
}

@article{capecci2015analysis,
  title={Analysis of connectivity in NeuCube spiking neural network models trained on EEG data for the understanding of functional changes in the brain: A case study on opiate dependence treatment},
  author={Capecci, Elisa and Kasabov, Nikola and Wang, Grace Y},
  journal={Neural Networks},
  volume={68},
  pages={62--77},
  year={2015},
  publisher={Elsevier}
}

@inproceedings{taylor2014feasibility,
  title={Feasibility of NeuCube SNN architecture for detecting motor execution and motor intention for use in BCIapplications},
  author={Taylor, Denise and Scott, Nathan and Kasabov, Nikola and Capecci, Elisa and Tu, Enmei and Saywell, Nicola and Chen, Yixong and Hu, Jin and Hou, Zeng-Guang},
  booktitle={Neural Networks (IJCNN), 2014 International Joint Conference on},
  pages={3221--3225},
  year={2014},
  organization={IEEE}
}

@article{thompson2006moore,
  title={Moore's law: the future of Si microelectronics},
  author={Thompson, Scott E and Parthasarathy, Srivatsan},
  journal={Materials today},
  volume={9},
  number={6},
  pages={20--25},
  year={2006},
  publisher={Elsevier}
}

@inproceedings{esmaeilzadeh2011dark,
  title={Dark silicon and the end of multicore scaling},
  author={Esmaeilzadeh, Hadi and Blem, Emily and St Amant, Renee and Sankaralingam, Karthikeyan and Burger, Doug},
  booktitle={ACM SIGARCH Computer Architecture News},
  volume={39},
  number={3},
  pages={365--376},
  year={2011},
  organization={ACM}
}

@incollection{perrin2011complexity,
  title={Complexity and high-end computing in biology and medicine},
  author={Perrin, Dimitri},
  booktitle={Software Tools and Algorithms for Biological Systems},
  pages={377--384},
  year={2011},
  publisher={Springer}
}

@phdthesis{scott2015thesis,
    title    = {Evolving Spiking Neural Networks for Spatio- and Spectro- Temporal Data Analysis: Models, Implementations, Applications},
    school   = {Auckland University of Technology},
    author   = {Scott, Nathan},
    year     = {2015}
}

@article{furber2016large,
  title={Large-scale neuromorphic computing systems},
  author={Furber, Steve},
  journal={Journal of neural engineering},
  volume={13},
  number={5},
  pages={051001},
  year={2016},
  publisher={IOP Publishing}
}

@article{davison2008pynn,
  title={PyNN: a common interface for neuronal network simulators},
  author={Davison, Andrew P and Br{\"u}derle, Daniel and Eppler, Jochen and Kremkow, Jens and Muller, Eilif and Pecevski, Dejan and Perrinet, Laurent and Yger, Pierre},
  journal={Frontiers in neuroinformatics},
  volume={2},
  year={2008},
  publisher={Frontiers Media SA}
}

@article{bekolay2013nengo,
  title={Nengo: a Python tool for building large-scale functional brain models},
  author={Bekolay, Trevor and Bergstra, James and Hunsberger, Eric and DeWolf, Travis and Stewart, Terrence C and Rasmussen, Daniel and Choo, Xuan and Voelker, Aaron Russell and Eliasmith, Chris},
  journal={Frontiers in neuroinformatics},
  volume={7},
  year={2013},
  publisher={Frontiers Media SA}
}

@inproceedings{cassidy2013cognitive,
  title={Cognitive computing building block: A versatile and efficient digital neuron model for neurosynaptic cores},
  author={Cassidy, Andrew S and Merolla, Paul and Arthur, John V and Esser, Steve K and Jackson, Bryan and Alvarez-Icaza, Rodrigo and Datta, Pallab and Sawada, Jun and Wong, Theodore M and Feldman, Vitaly and others},
  booktitle={Neural Networks (IJCNN), The 2013 International Joint Conference on},
  pages={1--10},
  year={2013},
  organization={IEEE}
}

@article{furber2014spinnaker,
  title={The spinnaker project},
  author={Furber, Steve B and Galluppi, Francesco and Temple, Steve and Plana, Luis A},
  journal={Proceedings of the IEEE},
  volume={102},
  number={5},
  pages={652--665},
  year={2014},
  publisher={IEEE}
}

@article{hsu2014ibm,
  title={Ibm's new brain [news]},
  author={Hsu, Jeremy},
  journal={IEEE spectrum},
  volume={51},
  number={10},
  pages={17--19},
  year={2014},
  publisher={IEEE}
}

@article{li2005multi,
  title={Multi-PWM pulse generator based FPGA},
  author={Li, Jian-lin and Wang, Li-qiao and Li, Cai-xia and Han, Bing and Zhang, Zhong-chao},
  journal={PROCEEDINGS-CHINESE SOCIETY OF ELECTRICAL ENGINEERING},
  volume={25},
  number={10},
  pages={55},
  year={2005},
  publisher={CHINESE SOCIETY FOR ELECTRICAL ENGINEERING}
}

@inproceedings{boahen2006neurogrid,
  title={Neurogrid: emulating a million neurons in the cortex},
  author={Boahen, Kwabena},
  booktitle={Conf. Proc. IEEE Eng. Med. Biol. Soc},
  pages={6702},
  year={2006}
}

@article{markram2011introducing,
  title={Introducing the human brain project},
  author={Markram, Henry and Meier, Karlheinz and Lippert, Thomas and Grillner, Sten and Frackowiak, Richard and Dehaene, Stanislas and Knoll, Alois and Sompolinsky, Haim and Verstreken, Kris and DeFelipe, Javier and others},
  journal={Procedia Computer Science},
  volume={7},
  pages={39--42},
  year={2011},
  publisher={Elsevier}
}

@inproceedings{kasabov2016neumann,
  title={From von neumann, John Atanasoff and ABC to Neuromorphic computation and the NeuCube spatio-temporal data machine},
  author={Kasabov, Nikola and Sengupta, Neelava and Scott, Nathan},
  booktitle={IEEE 8th International Conference on Intelligent Systems (IS)},
  pages={15--21},
  year={2016},
  organization={IEEE}
}

@book{randell2013origins,
  title={The origins of digital computers: selected papers},
  author={Randell, Brian},
  year={2013},
  publisher={Springer}
}

@article{schaller1997moore,
  title={Moore's law: past, present and future},
  author={Schaller, Robert R},
  journal={IEEE spectrum},
  volume={34},
  number={6},
  pages={52--59},
  year={1997},
  publisher={IEEE}
}

@article{toumey2016less,
  title={Less is Moore},
  author={Toumey, Chris},
  journal={Nature Nanotechnology},
  volume={11},
  pages={2--3},
  year={2016}
}

@article{mead1990neuromorphic,
  title={Neuromorphic electronic systems},
  author={Mead, Carver},
  journal={Proceedings of the IEEE},
  volume={78},
  number={10},
  pages={1629--1636},
  year={1990},
  publisher={IEEE}
}

@misc{schuller2016vonneumann,
  title = {Neuromorphic	Computing: From	Materials to Systems Architecture},
  year = {2015},
  author ={Schuler, Ivan},
  note = {Accessed: 2016-07-16}
}

@article{calimera2013human,
  title={The human brain project and neuromorphic computing},
  author={Calimera, Andrea and Macii, Enrico and Poncino, Massimo},
  journal={Functional neurology},
  volume={28},
  number={3},
  pages={191--196},
  year={2013},
  publisher={CIC Edizioni internazionali}
}

@article{kasabov2001evolving,
  title={Evolving fuzzy neural networks for supervised/unsupervised online knowledge-based learning},
  author={Kasabov, Nikola},
  journal={IEEE Transactions on Systems, Man, and Cybernetics, Part B (Cybernetics)},
  volume={31},
  number={6},
  pages={902--918},
  year={2001},
  publisher={IEEE}
}

@article{kasabov2002denfis,
  title={DENFIS: dynamic evolving neural-fuzzy inference system and its application for time-series prediction},
  author={Kasabov, Nikola and Song, Qun},
  journal={IEEE transactions on Fuzzy Systems},
  volume={10},
  number={2},
  pages={144--154},
  year={2002},
  publisher={IEEE}
}

@article{kasabov1998evolving,
  title={Evolving fuzzy neural networks-algorithms, applications and biological motivation},
  author={Kasabov, Nikola},
  journal={Methodologies for the conception, design and application of soft computing, World Scientific},
  volume={1},
  pages={271--274},
  year={1998}
}

@inproceedings{arya2016cyber, 
author={Arya, Amit S. and Vadlamani, Ravi and Valadi, Tejasviram and Sengupta, Neelava and Kasabov, Nikola}, 
booktitle={2016 11th International Conference on Industrial and Information Systems (ICIIS)}, 
title={Cyber fraud detection using evolving spiking neural network}, 
year={2016}, 
volume={}, 
number={}, 
pages={263-268}, 
doi={10.1109/ICIINFS.2016.8262948}
}

@article{watts2009decade,
  title={A decade of Kasabov's evolving connectionist systems: a review},
  author={Watts, Michael J},
  journal={IEEE Transactions on Systems, Man, and Cybernetics, Part C (Applications and Reviews)},
  volume={39},
  number={3},
  pages={253--269},
  year={2009},
  publisher={IEEE}
}

@article{wysoski2010evolving,
  title={Evolving spiking neural networks for audiovisual information processing},
  author={Wysoski, Simei Gomes and Benuskova, Lubica and Kasabov, Nikola},
  journal={Neural Networks},
  volume={23},
  number={7},
  pages={819--835},
  year={2010},
  publisher={Elsevier}
}

@article{dora2015sequential,
  title={A sequential learning algorithm for a spiking neural classifier},
  author={Dora, Shirin and Suresh, Sundaram and Sundararajan, N},
  journal={Applied Soft Computing},
  volume={36},
  pages={255--268},
  year={2015},
  publisher={Elsevier}
}

@article{chiou1996applying,
  title={Applying reasoning neural networks to the analysis and forecast of Taiwan’s stock index variation},
  author={Chiou, Y and Liu, S and Tsaih, R},
  journal={Taipei Economics Inquiry, Taipei},
  volume={34},
  number={2},
  pages={171--200},
  year={1996}
}

@article{tsaih1998forecasting,
  title={Forecasting S\&P 500 stock index futures with a hybrid AI system},
  author={Tsaih, Ray and Hsu, Yenshan and Lai, Charles C},
  journal={Decision Support Systems},
  volume={23},
  number={2},
  pages={161--174},
  year={1998},
  publisher={Elsevier}
}

@article{saad1998comparative,
  title={Comparative study of stock trend prediction using time delay, recurrent and probabilistic neural networks},
  author={Saad, Emad W and Prokhorov, Danil V and Wunsch, Donald C},
  journal={IEEE Transactions on neural networks},
  volume={9},
  number={6},
  pages={1456--1470},
  year={1998},
  publisher={IEEE}
}

@article{kim2004stock,
  title={Stock market prediction using artificial neural networks with optimal feature transformation},
  author={Kim, Kyoung-jae and Lee, Won Boo},
  journal={Neural computing \& applications},
  volume={13},
  number={3},
  pages={255--260},
  year={2004},
  publisher={Springer}
}

@article{kim2003financial,
  title={Financial time series forecasting using support vector machines},
  author={Kim, Kyoung-jae},
  journal={Neurocomputing},
  volume={55},
  number={1},
  pages={307--319},
  year={2003},
  publisher={Elsevier}
}

@article{kim2000genetic,
  title={Genetic algorithms approach to feature discretization in artificial neural networks for the prediction of stock price index},
  author={Kim, Kyoung-jae and Han, Ingoo},
  journal={Expert systems with Applications},
  volume={19},
  number={2},
  pages={125--132},
  year={2000},
  publisher={Elsevier}
}

@article{huang2005forecasting,
  title={Forecasting stock market movement direction with support vector machine},
  author={Huang, Wei and Nakamori, Yoshiteru and Wang, Shou-Yang},
  journal={Computers \& Operations Research},
  volume={32},
  number={10},
  pages={2513--2522},
  year={2005},
  publisher={Elsevier}
}

@article{kumar2006forecasting,
  title={Forecasting stock index movement: A comparison of support vector machines and random forest},
  author={Kumar, Manish and Thenmozhi, M},
  year={2006}
}

@article{huang2008application,
  title={Application of wrapper approach and composite classifier to the stock trend prediction},
  author={Huang, Chenn-Jung and Yang, Dian-Xiu and Chuang, Yi-Ta},
  journal={Expert Systems with Applications},
  volume={34},
  number={4},
  pages={2870--2878},
  year={2008},
  publisher={Elsevier}
}

@article{ou2009prediction,
  title={Prediction of stock market index movement by ten data mining techniques},
  author={Ou, Phichhang and Wang, Hengshan},
  journal={Modern Applied Science},
  volume={3},
  number={12},
  pages={28},
  year={2009}
}

@article{zhang2009stock,
  title={Stock market prediction of S\&P 500 via combination of improved BCO approach and BP neural network},
  author={Zhang, Yudong and Wu, Lenan},
  journal={Expert systems with applications},
  volume={36},
  number={5},
  pages={8849--8854},
  year={2009},
  publisher={Elsevier}
}

@article{mostafa2010forecasting,
  title={Forecasting stock exchange movements using neural networks: Empirical evidence from Kuwait},
  author={Mostafa, Mohamed M},
  journal={Expert Systems with Applications},
  volume={37},
  number={9},
  pages={6302--6309},
  year={2010},
  publisher={Elsevier}
}

@article{nair2010decision,
  title={A decision tree—rough set hybrid system for stock market trend prediction},
  author={Nair, Binoy B and Mohandas, VP and Sakthivel, NR},
  journal={International Journal of Computer Applications},
  volume={6},
  number={9},
  pages={1--6},
  year={2010},
  publisher={International Journal of Computer Applications}
}

@article{kara2011predicting,
  title={Predicting direction of stock price index movement using artificial neural networks and support vector machines: The sample of the Istanbul Stock Exchange},
  author={Kara, Yakup and Boyacioglu, Melek Acar and Baykan, {\"O}mer Kaan},
  journal={Expert systems with Applications},
  volume={38},
  number={5},
  pages={5311--5319},
  year={2011},
  publisher={Elsevier}
}

@article{chang2012novel,
  title={A novel model by evolving partially connected neural network for stock price trend forecasting},
  author={Chang, Pei-Chann and others},
  journal={Expert Systems with Applications},
  volume={39},
  number={1},
  pages={611--620},
  year={2012},
  publisher={Elsevier}
}

@inproceedings{lin2013svm,
  title={An SVM-based approach for stock market trend prediction},
  author={Lin, Yuling and Guo, Haixiang and Hu, Jinglu},
  booktitle={Neural Networks (IJCNN), The 2013 International Joint Conference on},
  pages={1--7},
  year={2013},
  organization={IEEE}
}

@article{de2013applying,
  title={Applying Artificial Neural Networks to prediction of stock price and improvement of the directional prediction index--Case study of PETR4, Petrobras, Brazil},
  author={de Oliveira, Fagner A and Nobre, Cristiane N and Z{\'a}rate, Luis E},
  journal={Expert Systems with Applications},
  volume={40},
  number={18},
  pages={7596--7606},
  year={2013},
  publisher={Elsevier}
}

@article{wang2014stock,
  title={Stock price direction prediction by directly using prices data: an empirical study on the KOSPI and HSI},
  author={Wang, Yanshan},
  journal={International Journal of Business Intelligence and Data Mining},
  volume={9},
  number={2},
  pages={145--160},
  year={2014},
  publisher={Inderscience Publishers Ltd}
}

@article{bisoi2014hybrid,
  title={A hybrid evolutionary dynamic neural network for stock market trend analysis and prediction using unscented Kalman filter},
  author={Bisoi, Ranjeeta and Dash, Pradipta K},
  journal={Applied Soft Computing},
  volume={19},
  pages={41--56},
  year={2014},
  publisher={Elsevier}
}

@article{patel2015predicting,
  title={Predicting stock and stock price index movement using trend deterministic data preparation and machine learning techniques},
  author={Patel, Jigar and Shah, Sahil and Thakkar, Priyank and Kotecha, K},
  journal={Expert Systems with Applications},
  volume={42},
  number={1},
  pages={259--268},
  year={2015},
  publisher={Elsevier}
}

@article{hafezi2015bat,
  title={A bat-neural network multi-agent system (BNNMAS) for stock price prediction: Case study of DAX stock price},
  author={Hafezi, Reza and Shahrabi, Jamal and Hadavandi, Esmaeil},
  journal={Applied Soft Computing},
  volume={29},
  pages={196--210},
  year={2015},
  publisher={Elsevier}
}

@article{ballings2015evaluating,
  title={Evaluating multiple classifiers for stock price direction prediction},
  author={Ballings, Michel and Van den Poel, Dirk and Hespeels, Nathalie and Gryp, Ruben},
  journal={Expert Systems with Applications},
  volume={42},
  number={20},
  pages={7046--7056},
  year={2015},
  publisher={Elsevier}
}

@article{zhang2016stock,
  title={Stock trend prediction based on a new status box method and AdaBoost probabilistic support vector machine},
  author={Zhang, Xiao-dan and Li, Ang and Pan, Ran},
  journal={Applied Soft Computing},
  volume={49},
  pages={385--398},
  year={2016},
  publisher={Elsevier}
}

@article{thorpe1997rapid,
  title={Rapid visual processing using spike asynchrony},
  author={Thorpe, Simon J and Gautrais, Jacques},
  journal={Advances in neural information processing systems},
  pages={901--907},
  year={1997},
  publisher={MORGAN KAUFMANN PUBLISHERS}
}

@article{bohte2002error,
  title={Error-backpropagation in temporally encoded networks of spiking neurons},
  author={Bohte, Sander M and Kok, Joost N and La Poutre, Han},
  journal={Neurocomputing},
  volume={48},
  number={1},
  pages={17--37},
  year={2002},
  publisher={Elsevier}
}

@article{schliebs2009integrated,
  title={Integrated feature and parameter optimization for an evolving spiking neural network: Exploring heterogeneous probabilistic models},
  author={Schliebs, Stefan and Defoin-Platel, Micha{\"e}l and Worner, Sue and Kasabov, Nikola},
  journal={Neural Networks},
  volume={22},
  number={5},
  pages={623--632},
  year={2009},
  publisher={Elsevier}
}

@inproceedings{wysoski2006adaptive,
  title={Adaptive learning procedure for a network of spiking neurons and visual pattern recognition},
  author={Wysoski, Simei Gomes and Benuskova, Lubica and Kasabov, Nikola},
  booktitle={International Conference on Advanced Concepts for Intelligent Vision Systems},
  pages={1133--1142},
  year={2006},
  organization={Springer}
}

@misc{Quandl2017financial,
  title = {Quandl Financial, Economic and Alternative Data.},
  howpublished = {\url{https://www.quandl.com/}}
}

@misc{Bse2017financial,
  title = {Historical - Indices.},
  howpublished = {\url{http://www.bseindia.com/indices/IndexArchiveData.aspx}}
}

@misc{Nse2017financial,
  title = {{NSE} - National Stock Exchange of India Ltd.},
  howpublished ={\url{https://www.nseindia.com/products/content/equities/indices/historical\_index\_data.htm}}
}

@misc{ibm2018stefan,
    author = {Abel, Stefan and Fompeyrin, Jean},
    title  = {Neuromorphic devices \& systems},
    url    = {\url{https://www.zurich.ibm.com/st/neuromorphic/architecture.html}}
}


@misc{decisiontree2015,
    author = {Girones, Jordi},
    title  = {J48 decision tree},
    url    = {\url{http://data-mining.business-intelligence.uoc.edu/home/j48-decision-treel}}
}

@article{farquad2012analytical,
  title={Analytical CRM in banking and finance using SVM: a modified active learning-based rule extraction approach},
  author={Farquad, MAH and Ravi, Vadlamani and Raju, S Bapi},
  journal={International Journal of Electronic Customer Relationship Management},
  volume={6},
  number={1},
  pages={48--73},
  year={2012},
  publisher={Inderscience Publishers Ltd}
}

@misc{neuralnetworkzoo,
  author = {Fjodor van Veen},
  title = {The Neural Network Zoo},
  howpublished = {\url{http://www.asimovinstitute.org/neural-network-zoo/}},
  year = {2016}
}

@article{hopfield1982neural,
  title={Neural networks and physical systems with emergent collective computational abilities},
  author={Hopfield, John J},
  journal={Proceedings of the national academy of sciences},
  volume={79},
  number={8},
  pages={2554--2558},
  year={1982},
  publisher={National Acad Sciences}
}

@article{hinton1986learning,
  title={Learning and releaming in Boltzmann machines},
  author={Hinton, Geoffrey E and Sejnowski, Terrence J},
  journal={Parallel Distrilmted Processing},
  volume={1},
  year={1986}
}

@inproceedings{bengio2007greedy,
  title={Greedy layer-wise training of deep networks},
  author={Bengio, Yoshua and Lamblin, Pascal and Popovici, Dan and Larochelle, Hugo},
  booktitle={Advances in neural information processing systems},
  pages={153--160},
  year={2007}
}

@article{hochreiter1997long,
  title={Long short-term memory},
  author={Hochreiter, Sepp and Schmidhuber, J{\"u}rgen},
  journal={Neural computation},
  volume={9},
  number={8},
  pages={1735--1780},
  year={1997},
  publisher={MIT Press}
}

@misc{rnnexplanation,
  author = {Christopher Olah},
  title = {Understanding LSTM},
  howpublished = {\url{http://colah.github.io/posts/2015-08-Understanding-LSTMs/}},
  year = {2015}
}

@misc{effectivernn,
  author = {Andrej Karpathy},
  title = {The Unreasonable Effectiveness of Recurrent Neural Networks},
  howpublished = {\url{http://karpathy.github.io/2015/05/21/rnn-effectiveness/}},
  year = {2015}
}

@inproceedings{schrauwen2007overview,
  title={An overview of reservoir computing: theory, applications and implementations},
  author={Schrauwen, Benjamin and Verstraeten, David and Van Campenhout, Jan},
  booktitle={Proceedings of the 15th European Symposium on Artificial Neural Networks. p. 471-482 2007},
  pages={471--482},
  year={2007}
}

@book{benuskova2010computational,
  title={Computational neurogenetic modeling},
  author={Benuskova, Lubica and Kasabov, Nikola},
  year={2010},
  publisher={Springer Science \& Business Media}
}

@book{sengupta2018from,
  title={From von Neumann architecture and Atanasoffs ABC to Neuromorphic Computation and Kasabov’s NeuCube: Principles and Implementations},
  author={Sengupta,Neelava and Ramos, Josafath Israel Espinosa and Tu, Enmei and Marks, Stefan and Scott, Nathan and Weclawski, Jakub and Gollahalli, Akshay Raj and Doborjeh, Maryam Gholami and Kumarasinghe, Kaushalya and Breen, Vivienne and Abbott, Anne},
  year={2018},
  publisher={Springer}
}

@article{mohemmed2012span,
  title={Span: Spike pattern association neuron for learning spatio-temporal spike patterns},
  author={Mohemmed, Ammar and Schliebs, Stefan and Matsuda, Satoshi and Kasabov, Nikola},
  journal={International Journal of Neural Systems},
  volume={22},
  number={04},
  pages={1250012},
  year={2012},
  publisher={World Scientific}
}

@inproceedings{schrauwen2004extending,
  title={Extending spikeprop},
  author={Schrauwen, Benjamin and Van Campenhout, Jan},
  booktitle={Neural Networks, 2004. Proceedings. 2004 IEEE International Joint Conference on},
  volume={1},
  pages={471--475},
  year={2004},
  organization={IEEE}
}

@article{ponulak2010supervised,
  title={Supervised learning in spiking neural networks with ReSuMe: sequence learning, classification, and spike shifting},
  author={Ponulak, Filip and Kasi{\'n}ski, Andrzej},
  journal={Neural Computation},
  volume={22},
  number={2},
  pages={467--510},
  year={2010},
  publisher={MIT Press}
}

@book{doborjeh2018from,
  title={From von Neumann architecture and Atanasoffs ABC to Neuromorphic Computation and Kasabov’s NeuCube. Part II: Applications},
  author={Doborjeh, Maryam Gholami and Gholami, Zohreh and Gollahalli, Akshay Raj and Kumarasinghe, Kaushalya and Breen, Vivienne and Sengupta, Neelava and Ramos, Josafath Israel Espinosa and Hartono, Reggio and Capecci, Elisa and Kawano, Hideaki and Othman, Muhaini and Zhou, Lei and Yang, Jie and Bose, Pritam and Ge, Chenjie},
  year={2018},
  publisher={Springer}
}


@inproceedings{hu2014eeg,
  title={EEG-based classification of upper-limb ADL using SNN for active robotic rehabilitation},
  author={Hu, Jin and Hou, Zeng-Guang and Chen, Yi-Xiong and Kasabov, Nikola and Scott, Nathan},
  booktitle={Biomedical Robotics and Biomechatronics (2014 5th IEEE RAS \& EMBS International Conference on},
  pages={409--414},
  year={2014},
  organization={IEEE}
}

@inproceedings{doborjeh2014classification,
  title={Classification and segmentation of fMRI spatio-temporal brain data with a NeuCube evolving spiking neural network model},
  author={Doborjeh, Maryam Gholami and Capecci, Elisa and Kasabov, Nikola},
  booktitle={Evolving and Autonomous Learning Systems (EALS), 2014 IEEE Symposium on},
  pages={73--80},
  year={2014},
  organization={IEEE}
}

@misc{langford2007vowpal,
  title={Vowpal wabbit online learning project},
  author={Langford, John and Li, Lihong and Strehl, Alex},
  year={2007},
  publisher={Technical report, http://hunch. net}
}

@inproceedings{abbott2016method,
  title={Which method to use for optimal structure and function representation of large spiking neural networks: A case study on the NeuCube architecture},
  author={Abbott, Anne and Sengupta, Neelava and Kasabov, Nikola},
  booktitle={2016 International Joint Conference on Neural Networks (IJCNN)},
  pages={1367--1372},
  year={2016},
  organization={IEEE}
}

@misc{cui2011xjview,
  title={xjView: a viewing program for SPM},
  author={Cui, X and Li, J and Song, X},
  year={2011}
}

@article{sporns2016modular,
  title={Modular brain networks},
  author={Sporns, Olaf and Betzel, Richard F},
  journal={Annual review of psychology},
  volume={67},
  pages={613--640},
  year={2016},
  publisher={Annual Reviews}
}

@article{nicolini2016modular,
  title={Modular structure of brain functional networks: breaking the resolution limit by Surprise},
  author={Nicolini, Carlo and Bifone, Angelo},
  journal={Scientific reports},
  volume={6},
  year={2016},
  publisher={Nature Publishing Group}
}

@incollection{meltzer2010role,
  title={Role of clozapine in treatment-resistant schizophrenia},
  author={Meltzer, Herbert Y},
  booktitle={Therapy-Resistant Schizophrenia},
  volume={26},
  pages={114--128},
  year={2010},
  publisher={Karger Publishers}
}

@article{kane1988clozapine,
  title={Clozapine for the treatment-resistant schizophrenic: a double-blind comparison with chlorpromazine},
  author={Kane, John and Honigfeld, Gilbert and Singer, Jack and Meltzer, Herbert},
  journal={Archives of general psychiatry},
  volume={45},
  number={9},
  pages={789--796},
  year={1988},
  publisher={American Medical Association}
}

@article{essali2009clozapine,
  title={Clozapine versus typical neuroleptic medication for schizophrenia},
  author={Essali, Adib and Al-Haj Haasan, Nahla and Li, Chunbo and Rathbone, John},
  journal={The Cochrane Library},
  year={2009},
  publisher={Wiley Online Library}
}

@article{wheeler2008treatment,
  title={Treatment pathway and patterns of clozapine prescribing for schizophrenia in New Zealand},
  author={Wheeler, Amanda J},
  journal={Annals of Pharmacotherapy},
  volume={42},
  number={6},
  pages={852--860},
  year={2008},
  publisher={SAGE Publications Sage CA: Los Angeles, CA}
}

@article{yu2012brain,
  title={Brain connectivity networks in schizophrenia underlying resting state functional magnetic resonance imaging},
  author={Yu, Qingbao and A Allen, Elena and Sui, Jing and R Arbabshirani, Mohammad and Pearlson, Godfrey and D Calhoun, Vince},
  journal={Current topics in medicinal chemistry},
  volume={12},
  number={21},
  pages={2415--2425},
  year={2012},
  publisher={Bentham Science Publishers}
}

@article{fitzsimmons2013review,
  title={Review of functional and anatomical brain connectivity findings in schizophrenia},
  author={Fitzsimmons, Jennifer and Kubicki, Marek and Shenton, Martha E},
  journal={Current opinion in psychiatry},
  volume={26},
  number={2},
  pages={172--187},
  year={2013},
  publisher={LWW}
}

@article{creese1976dopamine,
  title={Dopamine receptor binding predicts clinical and pharmacological potencies of antischizophrenic drugs},
  author={Creese, Ian and Burt, David R and Snyder, Solomon H},
  journal={Science},
  volume={192},
  number={4238},
  pages={481--483},
  year={1976},
  publisher={American Association for the Advancement of Science}
}

@article{knott2000eeg,
  title={EEG hemispheric asymmetry as a predictor and correlate of short-term response to clozapine treatment in schizophrenia},
  author={Knott, V and Labelle, A and Jones, B and Mahoney, C},
  journal={Clinical Electroencephalography},
  volume={31},
  number={3},
  pages={145--152},
  year={2000},
  publisher={SAGE Publications Sage CA: Los Angeles, CA}
}

@article{rodriguez1996spect,
  title={SPECT study of regional cerebral perfusion in neuroleptic-resistant schizophrenic patients who responded or did not respond to clozapine.},
  author={Rodr{\'\i}guez, Vicente Molina and Andre{\'e}, Richard Montz and Castej{\'o}n, M and Garc{\'\i}a, Ernesto Capdevila and others},
  journal={The American Journal of Psychiatry},
  year={1996},
  publisher={American Psychiatric Assn}
}

@phdthesis{mcnabb2017thesis,
    title    = {Brain dysconnectivity as a biomarker of treatment resistance in Schizophrenia},
    school   = {The University of Auckland},
    author   = {McNabb, Carolyn Beth},
    year     = {2017}
}

@article{sengupta2018integrating, 
    author={Sengupta, Neelava and McNabb, Carolyn Beth and Kasabov, Nikola and Russell, Bruce R.}, 
    journal={IEEE Transactions on Neural Networks and Learning Systems}, 
    title={Integrating Space, Time, and Orientation in Spiking Neural Networks: A Case Study on Multimodal Brain Data Modeling}, 
    year={2018}, 
    volume={PP}, 
    number={99}, 
    pages={1-15}, 
    doi={10.1109/TNNLS.2018.2796023}, 
    ISSN={2162-237X}
}

@article{jenkinson2001global,
  title={A global optimisation method for robust affine registration of brain images},
  author={Jenkinson, Mark and Smith, Stephen},
  journal={Medical image analysis},
  volume={5},
  number={2},
  pages={143--156},
  year={2001},
  publisher={Elsevier}
}

@article{smith2004advances,
  title={Advances in functional and structural MR image analysis and implementation as FSL},
  author={Smith, Stephen M and Jenkinson, Mark and Woolrich, Mark W and Beckmann, Christian F and Behrens, Timothy EJ and Johansen-Berg, Heidi and Bannister, Peter R and De Luca, Marilena and Drobnjak, Ivana and Flitney, David E and others},
  journal={Neuroimage},
  volume={23},
  pages={S208--S219},
  year={2004},
  publisher={Elsevier}
}

@article{zhang2001segmentation,
  title={Segmentation of brain MR images through a hidden Markov random field model and the expectation-maximization algorithm},
  author={Zhang, Yongyue and Brady, Michael and Smith, Stephen},
  journal={IEEE transactions on medical imaging},
  volume={20},
  number={1},
  pages={45--57},
  year={2001},
  publisher={IEEE}
}

@article{smith2002fast,
  title={Fast robust automated brain extraction},
  author={Smith, Stephen M},
  journal={Human brain mapping},
  volume={17},
  number={3},
  pages={143--155},
  year={2002},
  publisher={Wiley Online Library}
}

@article{andersson2016integrated,
  title={An integrated approach to correction for off-resonance effects and subject movement in diffusion MR imaging},
  author={Andersson, Jesper LR and Sotiropoulos, Stamatios N},
  journal={Neuroimage},
  volume={125},
  pages={1063--1078},
  year={2016},
  publisher={Elsevier}
}

@article{andersson2016incorporating,
  title={Incorporating outlier detection and replacement into a non-parametric framework for movement and distortion correction of diffusion MR images},
  author={Andersson, Jesper LR and Graham, Mark S and Zsoldos, Enik{\H{o}} and Sotiropoulos, Stamatios N},
  journal={NeuroImage},
  volume={141},
  pages={556--572},
  year={2016},
  publisher={Elsevier}
}

@article{vos2015global,
  title={Global, regional, and national incidence, prevalence, and years lived with disability for 301 acute and chronic diseases and injuries in 188 countries, 1990--2013: a systematic analysis for the Global Burden of Disease Study 2013},
  author={Vos, Theo and Barber, Ryan M and Bell, Brad and Bertozzi-Villa, Amelia and Biryukov, Stan and Bolliger, Ian and Charlson, Fiona and Davis, Adrian and Degenhardt, Louisa and Dicker, Daniel and others},
  journal={The Lancet},
  volume={386},
  number={9995},
  pages={743--800},
  year={2015},
  publisher={Elsevier}
}

@article{mcgrath2008schizophrenia,
  title={Schizophrenia: a concise overview of incidence, prevalence, and mortality},
  author={McGrath, John and Saha, Sukanta and Chant, David and Welham, Joy},
  journal={Epidemiologic reviews},
  volume={30},
  number={1},
  pages={67--76},
  year={2008},
  publisher={Oxford University Press}
}

@article{chong2016global,
  title={Global economic burden of schizophrenia: a systematic review},
  author={Chong, Huey Yi and Teoh, Siew Li and Wu, David Bin-Chia and Kotirum, Surachai and Chiou, Chiun-Fang and Chaiyakunapruk, Nathorn},
  journal={Neuropsychiatric disease and treatment},
  volume={12},
  pages={357},
  year={2016},
  publisher={Dove Press}
}

@article{rossler2005size,
  title={Size of burden of schizophrenia and psychotic disorders},
  author={R{\"o}ssler, Wulf and Salize, Hans Joachim and van Os, Jim and Riecher-R{\"o}ssler, Anita},
  journal={European Neuropsychopharmacology},
  volume={15},
  number={4},
  pages={399--409},
  year={2005},
  publisher={Elsevier}
}

@inproceedings{spitzer1980diagnostic,
  title={Diagnostic and statistical manual of mental disorders},
  author={Spitzer, Robert L and Williams, Janet BW},
  booktitle={American Psychiatric Association},
  year={1980},
  organization={Citeseer}
}

@article{matheson2014much,
  title={How much do we know about schizophrenia and how well do we know it? Evidence from the Schizophrenia Library},
  author={Matheson, SL and Shepherd, AM and Carr, VJ},
  journal={Psychological medicine},
  volume={44},
  number={16},
  pages={3387--3405},
  year={2014},
  publisher={Cambridge University Press}
}

@article{elkis2007treatment,
  title={Treatment-resistant schizophrenia},
  author={Elkis, Helio},
  journal={Psychiatric Clinics of North America},
  volume={30},
  number={3},
  pages={511--533},
  year={2007},
  publisher={Elsevier}
}

@article{lehman2004practice,
  title={Practice guideline for the treatment of partients with schizophrenia},
  author={Lehman, Anthony F and Lieberman, Jeffrey A and Dixon, Lisa B and McGlashan, Thomas H and Miller, Alexander L and Perkins, Diana O and Kreyenbuhl, Julie and McIntyre, John S and Charles, Sara C and Altshuler, Kenneth and others},
  journal={American Journal of Psychiatry},
  volume={161},
  number={2 SUPPL.},
  year={2004},
  publisher={American Psychiatric Association}
}

@article{essock1996clozapine,
  title={Clozapine eligibility among state hospital patients},
  author={Essock, Susan M and Hargreaves, William A and Dohm, Faith-Anne and Goethe, John and Carver, Lawrence and Hipshman, Lawrence},
  journal={Schizophrenia bulletin},
  volume={22},
  number={1},
  pages={15--25},
  year={1996},
  publisher={Oxford University Press}
}

@article{juarez1995effects,
  title={Effects of stringent criteria on eligibility for clozapine among public mental health clients},
  author={Juarez-Reyes, Maria G and Shumway, Martha and Battle, Cynthia and Bacchetti, Peter and Hansen, Mary Susan and Hargreaves, William A},
  journal={Psychiatric services},
  volume={46},
  number={8},
  pages={801--806},
  year={1995},
  publisher={Am Psychiatric Assoc}
}

@article{iasevoli2016treatment,
  title={Treatment resistant schizophrenia is associated with the worst community functioning among severely-ill highly-disabling psychiatric conditions and is the most relevant predictor of poorer achievements in functional milestones},
  author={Iasevoli, Felice and Giordano, Sara and Balletta, Raffaele and Latte, Gianmarco and Formato, Maria Vittoria and Prinzivalli, Emiliano and De Berardis, Domenico and Tomasetti, Carmine and de Bartolomeis, Andrea},
  journal={Progress in Neuro-Psychopharmacology and Biological Psychiatry},
  volume={65},
  pages={34--48},
  year={2016},
  publisher={Elsevier}
}

@book{lieberman2012comprehensive,
  title={Comprehensive care of schizophrenia: A textbook of clinical management},
  author={Lieberman, Jeffrey A and Murray, Robin M},
  year={2012},
  publisher={Oxford University Press}
}

@article{kennedy2014social,
  title={The social and economic burden of treatment-resistant schizophrenia: a systematic literature review},
  author={Kennedy, James L and Altar, C Anthony and Taylor, Danielle L and Degtiar, Irina and Hornberger, John C},
  journal={International clinical psychopharmacology},
  volume={29},
  number={2},
  pages={63--76},
  year={2014},
  publisher={LWW}
}

@article{kane2016role,
  title={The role of clozapine in treatment-resistant schizophrenia},
  author={Kane, John M and Correll, Christoph U},
  journal={JAMA psychiatry},
  volume={73},
  number={3},
  pages={187--188},
  year={2016},
  publisher={American Medical Association}
}

@misc{fmriscanner,
  author = {NIBIB},
  title = {fMRI scanner},
  howpublished = {\url{http://www.advancedimagingsouthbay.com/services-mri-scan.html}},
  year = {2017}
}

@article{hamilton2010pericyte,
  title={Pericyte-mediated regulation of capillary diameter: a component of neurovascular coupling in health and disease},
  author={Hamilton, Nicola B and Attwell, David and Hall, Catherine N},
  journal={Frontiers in neuroenergetics},
  volume={2},
  year={2010},
  publisher={Frontiers Media SA}
}

@article{smith2009correspondence,
  title={Correspondence of the brain's functional architecture during activation and rest},
  author={Smith, Stephen M and Fox, Peter T and Miller, Karla L and Glahn, David C and Fox, P Mickle and Mackay, Clare E and Filippini, Nicola and Watkins, Kate E and Toro, Roberto and Laird, Angela R and others},
  journal={Proceedings of the National Academy of Sciences},
  volume={106},
  number={31},
  pages={13040--13045},
  year={2009},
  publisher={National Acad Sciences}
}

@article{quarantelli2013default,
  title={Default-mode network changes in Huntington’s disease: an integrated MRI study of functional connectivity and morphometry},
  author={Quarantelli, Mario and Salvatore, Elena and Giorgio, Sara Maria Delle Acque and Filla, Alessandro and Cervo, Amedeo and Russo, Cinzia Valeria and Cocozza, Sirio and Massarelli, Marco and Brunetti, Arturo and De Michele, Giuseppe},
  journal={PloS one},
  volume={8},
  number={8},
  pages={e72159},
  year={2013},
  publisher={Public Library of Science}
}

@article{alexander2010deterministic,
  title={Deterministic white matter tractography},
  author={Alexander, ANDREW L},
  journal={Diffusion MRI: Theory, methods, and applications},
  pages={383--395},
  year={2010},
  publisher={Oxford University Press USA}
}

@article{behrens2007probabilistic,
  title={Probabilistic diffusion tractography with multiple fibre orientations: What can we gain?},
  author={Behrens, Timothy EJ and Berg, H Johansen and Jbabdi, Saad and Rushworth, Matthew FS and Woolrich, Mark W},
  journal={Neuroimage},
  volume={34},
  number={1},
  pages={144--155},
  year={2007},
  publisher={Elsevier}
}

@article{van1998face,
  title={Face processing using one spike per neurone},
  author={Van Rullen, Rufin and Gautrais, Jacques and Delorme, Arnaud and Thorpe, Simon},
  journal={Biosystems},
  volume={48},
  number={1},
  pages={229--239},
  year={1998},
  publisher={Elsevier}
}

@article{cooper1981survey,
  title={A survey of methods for pure nonlinear integer programming},
  author={Cooper, Mary W},
  journal={Management Science},
  volume={27},
  number={3},
  pages={353--361},
  year={1981},
  publisher={INFORMS}
}

@book{floudas1995nonlinear,
  title={Nonlinear and mixed-integer optimization: fundamentals and applications},
  author={Floudas, Christodoulos A},
  year={1995},
  publisher={Oxford University Press}
}

@article{grossmann2002review,
  title={Review of nonlinear mixed-integer and disjunctive programming techniques},
  author={Grossmann, Ignacio E},
  journal={Optimization and engineering},
  volume={3},
  number={3},
  pages={227--252},
  year={2002},
  publisher={Springer}
}

@book{holland1992adaptation,
  title={Adaptation in natural and artificial systems: an introductory analysis with applications to biology, control, and artificial intelligence},
  author={Holland, John Henry},
  year={1992},
  publisher={MIT press}
}

@phdthesis{kenneth1975analysis,
  title={An Analysis of the Behavior of a Class of Genetic Adaptive Systems},
  author={Kenneth A.. De Jong},
  year={1975}
}

@article{goldberg1989genetic,
  title={Genetic algorithms in search, optimization, and machine learning, 1989},
  author={Goldberg, David E},
  journal={Reading: Addison-Wesley},
  year={1989}
}

@book{deb2001multi,
  title={Multi-objective optimization using evolutionary algorithms},
  author={Deb, Kalyanmoy},
  volume={16},
  year={2001},
  publisher={John Wiley \& Sons}
}

@article{cheung1997coupling,
  title={Coupling genetic algorithm with a grid search method to solve mixed integer nonlinear programming problems},
  author={Cheung, BK-S and Langevin, Andr{\'e} and Delmaire, Hugues},
  journal={Computers \& Mathematics with Applications},
  volume={34},
  number={12},
  pages={13--23},
  year={1997},
  publisher={Elsevier}
}

@article{luo2001hybrid,
  title={A hybrid approach for integer programming combining genetic algorithms, linear programming and ordinal optimization},
  author={Luo, Yuh-Chyun and Guignard, Monique and Chen, Chun-Hung},
  journal={Journal of Intelligent Manufacturing},
  volume={12},
  number={5},
  pages={509--519},
  year={2001},
  publisher={Springer}
}

@article{hua2006effective,
  title={An effective genetic algorithm approach to large scale mixed integer programming problems},
  author={Hua, Zhongsheng and Huang, Feihua},
  journal={Applied Mathematics and computation},
  volume={174},
  number={2},
  pages={897--909},
  year={2006},
  publisher={Elsevier}
}

@inproceedings{li1996nonlinear,
  title={Nonlinear mixed integer programming problems using genetic algorithm and penalty function},
  author={Li, Yin-Xiu and Gen, Mitsuo},
  booktitle={Systems, Man, and Cybernetics, 1996., IEEE International Conference on},
  volume={4},
  pages={2677--2682},
  year={1996},
  organization={IEEE}
}

@article{yokota1996genetic,
  title={Genetic algorithm for non-linear mixed integer programming problems and its applications},
  author={Yokota, Takao and Gen, Mitsuo and Li, Yin-Xiu},
  journal={Computers \& industrial engineering},
  volume={30},
  number={4},
  pages={905--917},
  year={1996},
  publisher={Elsevier}
}

@article{maiti2006application,
  title={An application of real-coded genetic algorithm (RCGA) for mixed integer non-linear programming in two-storage multi-item inventory model with discount policy},
  author={Maiti, AK and Bhunia, AK and Maiti, Manoranjan},
  journal={Applied Mathematics and computation},
  volume={183},
  number={2},
  pages={903--915},
  year={2006},
  publisher={Elsevier}
}

@article{vazquez1998nonlinear,
  title={Nonlinear aspects of the BOLD response in functional MRI},
  author={Vazquez, Alberto L and Noll, Douglas C},
  journal={Neuroimage},
  volume={7},
  number={2},
  pages={108--118},
  year={1998},
  publisher={Elsevier}
}

@book{chen1995linear,
  title={Linear system theory and design},
  author={Chen, Chi-Tsong},
  year={1995},
  publisher={Oxford University Press, Inc.}
}

@article{friston1995analysis,
  title={Analysis of fMRI time-series revisited},
  author={Friston, Karl J and Holmes, Andrew P and Poline, JB and Grasby, PJ and Williams, SCR and Frackowiak, Richard SJ and Turner, Robert},
  journal={Neuroimage},
  volume={2},
  number={1},
  pages={45--53},
  year={1995},
  publisher={Elsevier}
}

@article{turing1950computing,
  title={Computing machinery and intelligence},
  author={Turing, Alan M},
  journal={Mind},
  volume={59},
  number={236},
  pages={433--460},
  year={1950},
  publisher={JSTOR}
}

@misc{hinton1986distributed,
  title={Distributed representations, Parallel distributed processing: explorations in the microstructure of cognition, vol. 1: foundations},
  author={Hinton, Geoffrey E and Mcclelland, James L and Rumelhart, David E},
  year={1986},
  publisher={MIT Press, Cambridge, MA}
}

@article{churchland1988perspectives,
  title={Perspectives on cognitive neuroscience},
  author={Churchland, Patricia S and Sejnowski, Terrence J},
  journal={Science},
  volume={242},
  number={4879},
  pages={741},
  year={1988},
  publisher={The American Association for the Advancement of Science}
}

@article{marr1976cooperative,
  title={Cooperative computation of stereo disparity},
  author={Marr, David and Poggio, Tomaso and others},
  journal={From the Retina to the Neocortex},
  pages={239--243},
  year={1976}
}

@article{hassabis2017neuroscience,
  title={Neuroscience-inspired artificial intelligence},
  author={Hassabis, Demis and Kumaran, Dharshan and Summerfield, Christopher and Botvinick, Matthew},
  journal={Neuron},
  volume={95},
  number={2},
  pages={245--258},
  year={2017},
  publisher={Elsevier}
}

@incollection{geschwind1974disconnexion,
  title={Disconnexion syndromes in animals and man},
  author={Geschwind, Norman},
  booktitle={Selected papers on language and the brain},
  pages={105--236},
  year={1974},
  publisher={Springer}
}

@book{shallice1988neuropsychology,
  title={From neuropsychology to mental structure},
  author={Shallice, Tim},
  year={1988},
  publisher={Cambridge University Press}
}

@article{felleman1991distributed,
  title={Distributed hierarchical processing in the primate cerebral cortex.},
  author={Felleman, Daniel J and Van Essen, David C},
  journal={Cerebral cortex (New York, NY: 1991)},
  volume={1},
  number={1},
  pages={1--47},
  year={1991}
}

@incollection{pandya1985architecture,
  title={Architecture and connections of cortical association areas},
  author={Pandya, Deepak N and Yeterian, Edward H},
  booktitle={Association and auditory cortices},
  pages={3--61},
  year={1985},
  publisher={Springer}
}

@article{boksman20054,
  title={A 4.0-T fMRI study of brain connectivity during word fluency in first-episode schizophrenia},
  author={Boksman, Kristine and Th{\'e}berge, Jean and Williamson, Peter and Drost, Dick J and Malla, Ashok and Densmore, Maria and Takhar, Jatinder and Pavlosky, William and Menon, Ravi S and Neufeld, Richard WJ},
  journal={Schizophrenia research},
  volume={75},
  number={2},
  pages={247--263},
  year={2005},
  publisher={Elsevier}
}

@article{supekar2008network,
  title={Network analysis of intrinsic functional brain connectivity in Alzheimer's disease},
  author={Supekar, Kaustubh and Menon, Vinod and Rubin, Daniel and Musen, Mark and Greicius, Michael D},
  journal={PLoS computational biology},
  volume={4},
  number={6},
  pages={e1000100},
  year={2008},
  publisher={Public Library of Science}
}

@article{eluvathingal2006abnormal,
  title={Abnormal brain connectivity in children after early severe socioemotional deprivation: a diffusion tensor imaging study},
  author={Eluvathingal, Thomas J and Chugani, Harry T and Behen, Michael E and Juh{\'a}sz, Csaba and Muzik, Otto and Maqbool, Mohsin and Chugani, Diane C and Makki, Malek},
  journal={Pediatrics},
  volume={117},
  number={6},
  pages={2093--2100},
  year={2006},
  publisher={Am Acad Pediatrics}
}

@article{price2007abnormal,
  title={Abnormal brain connectivity in first-episode psychosis: a diffusion MRI tractography study of the corpus callosum},
  author={Price, Gary and Cercignani, Mara and Parker, Geoffrey JM and Altmann, Daniel R and Barnes, Thomas RE and Barker, Gareth J and Joyce, Eileen M and Ron, Maria A},
  journal={Neuroimage},
  volume={35},
  number={2},
  pages={458--466},
  year={2007},
  publisher={Elsevier}
}

@article{ravan2015machine,
  title={A machine learning approach using auditory odd-ball responses to investigate the effect of clozapine therapy},
  author={Ravan, Maryam and Hasey, Gary and Reilly, James P and MacCrimmon, Duncan and Khodayari-Rostamabad, Ahmad},
  journal={Clinical Neurophysiology},
  volume={126},
  number={4},
  pages={721--730},
  year={2015},
  publisher={Elsevier}
}

@article{cabeza2000imaging,
  title={Imaging cognition II: An empirical review of 275 PET and fMRI studies},
  author={Cabeza, Roberto and Nyberg, Lars},
  journal={Journal of cognitive neuroscience},
  volume={12},
  number={1},
  pages={1--47},
  year={2000},
  publisher={MIT Press}
}

@article{mcclure2007fmri,
  title={fMRI predictors of treatment outcome in pediatric anxiety disorders},
  author={McClure, Erin B and Adler, Abby and Monk, Christopher S and Cameron, Jennifer and Smith, Samantha and Nelson, Eric E and Leibenluft, Ellen and Ernst, Monique and Pine, Daniel S},
  journal={Psychopharmacology},
  volume={191},
  number={1},
  pages={97--105},
  year={2007},
  publisher={Springer}
}

@article{hamstra2007diffusion,
  title={Diffusion magnetic resonance imaging: a biomarker for treatment response in oncology},
  author={Hamstra, Daniel A and Rehemtulla, Alnawaz and Ross, Brian D},
  journal={Journal of clinical oncology},
  volume={25},
  number={26},
  pages={4104--4109},
  year={2007},
  publisher={American Society of Clinical Oncology}
}

@article{gordon2007integrating,
  title={Integrating genomics and neuromarkers for the era of brain-related personalized medicine},
  author={Gordon, Evian},
  journal={Personalized Medicine},
  volume={4},
  number={2},
  pages={201--215},
  year={2007},
  publisher={Future Medicine}
}

@article{menon2005combined,
  title={Combined EEG and fMRI studies of human brain function},
  author={Menon, V and Crottaz-Herbette, S},
  journal={Int Rev Neurobiol},
  volume={66},
  pages={291--321},
  year={2005}
}

@article{horovitz2002correlations,
  title={Correlations and dissociations between BOLD signal and P300 amplitude in an auditory oddball task: a parametric approach to combining fMRI and ERP},
  author={Horovitz, Silvina G and Skudlarski, Pawel and Gore, John C},
  journal={Magnetic resonance imaging},
  volume={20},
  number={4},
  pages={319--325},
  year={2002},
  publisher={Elsevier}
}

@misc{george1995mapping,
  title={Mapping function in the human brain with magnetoencephalography, anatomical magnetic resonance imaging, and functional magnetic resonance imaging.},
  author={George, John S and Aine, CJ and Mosher, JC and Schmidt, DM and Ranken, DM and Schlitt, HA and Wood, CC and Lewine, JD and Sanders, JA and Belliveau, JW},
  year={1995},
  publisher={LWW}
}

@article{biessmann2011analysis,
  title={Analysis of multimodal neuroimaging data},
  author={Bie{\ss}mann, Felix and Plis, Sergey and Meinecke, Frank C and Eichele, Tom and Muller, Klaus-Robert},
  journal={IEEE Reviews in Biomedical Engineering},
  volume={4},
  pages={26--58},
  year={2011},
  publisher={IEEE}
}

@article{laufs2006bold,
  title={Where the BOLD signal goes when alpha EEG leaves},
  author={Laufs, H and Holt, John L and Elfont, Robert and Krams, Michael and Paul, Joseph S and Krakow, K and Kleinschmidt, A},
  journal={Neuroimage},
  volume={31},
  number={4},
  pages={1408--1418},
  year={2006},
  publisher={Elsevier}
}

@article{eichele2008unmixing,
  title={Unmixing concurrent EEG-fMRI with parallel independent component analysis},
  author={Eichele, Tom and Calhoun, Vince D and Moosmann, Matthias and Specht, Karsten and Jongsma, Marijtje LA and Quiroga, Rodrigo Quian and Nordby, Helge and Hugdahl, Kenneth},
  journal={International Journal of Psychophysiology},
  volume={67},
  number={3},
  pages={222--234},
  year={2008},
  publisher={Elsevier}
}

@article{brandeis1989segments,
  title={Segments of event-related potential map series reveal landscape changes with visual attention and subjective contours},
  author={Brandeis, Daniel and Lehmann, Dietrich},
  journal={Electroencephalography and clinical neurophysiology},
  volume={73},
  number={6},
  pages={507--519},
  year={1989},
  publisher={Elsevier}
}

@article{patil2004ensemble,
  title={Ensemble recordings of human subcortical neurons as a source of motor control signals for a brain-machine interface},
  author={Patil, Parag G and Carmena, Jose M and Nicolelis, Miguel AL and Turner, Dennis A},
  journal={Neurosurgery},
  volume={55},
  number={1},
  pages={27--38},
  year={2004},
  publisher={Oxford University Press}
}

@article{muthukumaraswamy2008spatiotemporal,
  title={Spatiotemporal frequency tuning of BOLD and gamma band MEG responses compared in primary visual cortex},
  author={Muthukumaraswamy, Suresh D and Singh, Krish D},
  journal={Neuroimage},
  volume={40},
  number={4},
  pages={1552--1560},
  year={2008},
  publisher={Elsevier}
}

@article{horwitz1999neural,
  title={Neural modeling, functional brain imaging, and cognition},
  author={Horwitz, Barry and Tagamets, MA and McIntosh, Anthony Randal},
  journal={Trends in cognitive sciences},
  volume={3},
  number={3},
  pages={91--98},
  year={1999},
  publisher={Elsevier}
}

@article{fristen1997imaging,
  title={Imaging cognitive anatomy},
  author={Fristen, Karl J},
  journal={Trends in cognitive sciences},
  volume={1},
  number={1},
  pages={21--27},
  year={1997},
  publisher={Elsevier}
}

@article{posner1988localization,
  title={Localization of cognitive operations in the human brain},
  author={Posner, Michael I and Petersen, Stevene and Fox, Petert and Raichle, Marcuse},
  journal={Science},
  volume={240},
  number={4859},
  pages={1627--1631},
  year={1988},
  publisher={JSTOR}
}

@article{woolrich2001temporal,
  title={Temporal autocorrelation in univariate linear modeling of FMRI data},
  author={Woolrich, Mark W and Ripley, Brian D and Brady, Michael and Smith, Stephen M},
  journal={Neuroimage},
  volume={14},
  number={6},
  pages={1370--1386},
  year={2001},
  publisher={Elsevier}
}

@incollection{horwitz1992covariance,
  title={Covariance analysis of functional interactions in the brain using metabolic and blood flow data},
  author={Horwitz, Barry and Soncrant, Timothy T and Haxby, James V},
  booktitle={Advances in metabolic mapping techniques for brain imaging of behavioral and learning functions},
  pages={189--217},
  year={1992},
  publisher={Springer}
}

@article{mesulam1990large,
  title={Large-scale neurocognitive networks and distributed processing for attention, language, and memory},
  author={Mesulam, Marsel and others},
  journal={Annals of neurology},
  volume={28},
  number={5},
  pages={597--613},
  year={1990},
  publisher={Wiley Online Library}
}

@article{horwitz1992functional,
  title={Functional associations among human posterior extrastriate brain regions during object and spatial vision},
  author={Horwitz, Barry and Grady, Cheryl L and Haxby, James V and Schapiro, Mark B and Rapoport, Stanley I and Ungerleider, Leslie G and Mishkin, Mortimer},
  journal={Journal of Cognitive Neuroscience},
  volume={4},
  number={4},
  pages={311--322},
  year={1992},
  publisher={MIT Press}
}

@article{friston1997psychophysiological,
  title={Psychophysiological and modulatory interactions in neuroimaging},
  author={Friston, Karl J and Buechel, C and Fink, GR and Morris, J and Rolls, E and Dolan, RJ},
  journal={Neuroimage},
  volume={6},
  number={3},
  pages={218--229},
  year={1997},
  publisher={Elsevier}
}

@article{beckmann2003general,
  title={General multilevel linear modeling for group analysis in FMRI},
  author={Beckmann, Christian F and Jenkinson, Mark and Smith, Stephen M},
  journal={Neuroimage},
  volume={20},
  number={2},
  pages={1052--1063},
  year={2003},
  publisher={Elsevier}
}

@article{calhoun2004fmri,
  title={fMRI analysis with the general linear model: removal of latency-induced amplitude bias by incorporation of hemodynamic derivative terms},
  author={Calhoun, Vince D and Stevens, MC and Pearlson, Godfrey D and Kiehl, KA},
  journal={Neuroimage},
  volume={22},
  number={1},
  pages={252--257},
  year={2004},
  publisher={Elsevier}
}

@article{friston1994statistical,
  title={Statistical parametric mapping.},
  author={Friston, Karl J},
  year={1994},
  publisher={Academic Press}
}

@article{cox1996afni,
  title={AFNI: software for analysis and visualization of functional magnetic resonance neuroimages},
  author={Cox, Robert W},
  journal={Computers and Biomedical research},
  volume={29},
  number={3},
  pages={162--173},
  year={1996},
  publisher={Elsevier}
}

@article{norman2006beyond,
  title={Beyond mind-reading: multi-voxel pattern analysis of fMRI data},
  author={Norman, Kenneth A and Polyn, Sean M and Detre, Greg J and Haxby, James V},
  journal={Trends in cognitive sciences},
  volume={10},
  number={9},
  pages={424--430},
  year={2006},
  publisher={Elsevier}
}

@article{haynes2005predicting,
  title={Predicting the orientation of invisible stimuli from activity in human primary visual cortex},
  author={Haynes, John-Dylan and Rees, Geraint},
  journal={Nature neuroscience},
  volume={8},
  number={5},
  pages={686--691},
  year={2005},
  publisher={Nature Publishing Group}
}

@article{kamitani2005decoding,
  title={Decoding the visual and subjective contents of the human brain},
  author={Kamitani, Yukiyasu and Tong, Frank},
  journal={Nature neuroscience},
  volume={8},
  number={5},
  pages={679--685},
  year={2005},
  publisher={Nature Publishing Group}
}

@article{kamitani2006decoding,
  title={Decoding seen and attended motion directions from activity in the human visual cortex},
  author={Kamitani, Yukiyasu and Tong, Frank},
  journal={Current biology},
  volume={16},
  number={11},
  pages={1096--1102},
  year={2006},
  publisher={Elsevier}
}

@article{mitchell2004learning,
  title={Learning to decode cognitive states from brain images},
  author={Mitchell, Tom M and Hutchinson, Rebecca and Niculescu, Radu S and Pereira, Francisco and Wang, Xuerui and Just, Marcel and Newman, Sharlene},
  journal={Machine learning},
  volume={57},
  number={1},
  pages={145--175},
  year={2004},
  publisher={Springer}
}